2392 3870
359 143 647 200 ADNOTATIONES
667 142 840 200 camela.
993 145 1113 201 XXXIX

95 307 158 357 384
177 302 286 374 laurus]
300 301 382 356 libris
397 304 621 373 repugnantibus
637 303 737 373 scripsi
750 320 801 373 pre
816 305 924 369 laurea
937 303 1019 358 illum
1035 305 1111 359 enim

180 373 373 428 accusativum
392 377 477 442 poeta
498 392 608 444 semper
649 374 766 429 raetulit
784 374 818 428 ef.
838 374 881 430 Bi.
900 345 1063 431 iiidieems.
1082 393 1111 431 ι,

80 444 155 499 118
175 444 275 525 medio]
296 445 334 498 sie
354 443 421 498 dedi
444 445 607 500 melioribus
629 393 712 500 iibris
730 445 836 499 V¹PH
851 445 1023 570 obsequens
1047 462 1110 500 eum

176 514 278 582 reliqui
296 515 434 568 haberent
451 518 576 572 mediam
608 515 679 571 illud
698 518 794 570 autem
813 515 979 584 exquisitius
997 517 1114 572 videtur

177 584 320 654 habetque
344 586 507 655 analogiam
535 586 610 656 apud
634 585 794 657 Vergilium
818 593 894 643 uoete
921 589 995 643 eolat
1021 590 1111 644 medio

176 656 246 711 eaeii
263 664 410 726 terraeque
443 660 472 711 et
489 658 575 726 paulo
594 658 729 713 audacius
748 658 823 727 apud
841 659 968 712 nostrum
988 658 1110 740 legimus

176 727 214 780 VI
233 743 308 783 oens
326 727 398 781 Han.
413 733 464 782 212
489 731 571 785 beili
592 731 698 784 medio
718 730 815 784 Padus
837 730 942 784 arbiter
963 730 1053 785 ebat
1045 747 1064 783 1
1083 747 1108 784 e.

171 796 245 939 bplli
264 801 437 925 moines
435 799 558 855 medio‘
559 803 592 856 ia
609 801 658 856 der
671 800 753 856 Mitte
766 801 897 855 zwieoheu
911 801 1109 871 Krieqeeetau·

206 876 251 923 ate
374 871 428 924 ora’

118 943 155 993 59
179 940 373 1010 Theodosium]
393 940 427 993 ef.
448 957 520 1008 quae
539 939 675 995 adnotavi
693 942 730 994 ad
747 957 847 1009 paneg.
866 941 948 996 Prob
965 947 1008 996 51.

116 1015 155 1064 69
167 1027 227 1133 sqp.
247 1011 282 1064 de
295 1010 396 1065 horum
411 1028 542 1065 versuum
556 1028 639 1066 sensu
649 1010 761 1080 longius
771 1028 887 1080 exposui
879 1011 974 1081 apud
983 1011 1106 1067 Birtium

176 1096 194 1134 a
232 1099 258 1135 v.
274 1088 315 1137 71

114 1155 155 1206 89
174 1153 334 1232 mrapdo]
352 1152 509 1207 rectissime
528 1169 591 1206 eum
609 1153 632 1206 E
651 1152 723 1234 legit
741 1152 855 1218 Bittius,
873 1156 906 1207 ut
922 1152 1030 1208 vitetur
1047 1170 1107 1208 mo-

99 1254 110 1270 ·
175 1222 296 1276 lestus'
287 1241 317 1276 ιιι
340 1225 395 1278 fine
423 1223 508 1277 trium
536 1240 667 1278 versuum
695 1197 889 1292 sigmatisnins
913 1227 950 1293 (ι.
965 1228 999 1278 88
1023 1226 1108 1292 baeu,

174 1311 201 1348 v
215 1298 250 1346 89
268 1296 429 1366 eruaraqua
447 1312 473 1349 v
489 1300 523 1348 90
540 1295 717 1365 hoaeiuttis).

115 1368 155 1419 90
174 1365 371 1436 redemdaatea]
390 1382 454 1419 oum
467 1365 555 1419 VPH
566 1365 697 1434 praetuli,
717 1365 784 1432 quia
797 1364 898 1418 fortius
913 1367 957 1419 est
971 1367 1001 1418 et
1014 1366 1107 1434 magis

173 1435 329 1503 poeticum,
347 1437 544 1504 renidentem.

94 1510 154 1560 136
174 1506 309 1577 Interius]
329 1506 364 1562 ef.
383 1505 540 1575 Birtiump
543 1505 635 1561 ..CXI

92 1580 155 1630 154
172 1578 223 1632 sub
241 1583 266 1632 te
285 1578 380 1658 quod]
386 1575 470 1631 ΔΒΑ
475 1593 573 1645 ,quae
592 1576 750 1631 conlocatio
769 1576 918 1630 verborum
941 1575 1030 1630 multo
1050 1577 1107 1631 ele-

174 1646 287 1716 gantior
304 1647 452 1730 magisque
471 1664 506 1701 ex
523 1665 576 1701 usu
594 1664 648 1716 poe
650 1654 695 1701 tae
714 1663 775 1702 esse
790 1647 903 1702 videtur
916 1649 1067 1716 potestque
1081 1648 1106 1702 Ε

174 1718 374 1799 adprobasse
366 1736 396 1772 m
413 1725 447 1774 Δ.

92 1793 152 1844 183
172 1791 234 1860 hoo]
255 1788 296 1843 sio
314 1805 410 1843 omnes
428 1788 497 1844 boni
515 1787 590 1856 libri,
610 1789 685 1857 quod
703 1788 882 1843 retinendum
898 1789 1008 1857 putavi.

91 1864 153 1914 185
173 1860 283 1931 optant]
307 1859 348 1913 sic
371 1859 437 1914 libri
460 1861 573 1929 praeter
591 1860 654 1923 VP,
683 1859 732 1927 qui
755 1861 892 1929 praebent
914 1867 1027 1930 aptaut;
1055 1860 1106 1914 sed

172 1930 245 1986 illud
263 1931 476 1985 commendatur
493 1931 606 1984 sonato
624 1929 721 1985 Persio
735 1930 761 1984 V
776 1937 801 1986 9.
833 1930 930 1998 itaque
945 1948 1043 1985 sensus
1057 1931 1106 1984 hio

173 2004 231 2056 est:
249 2000 339 2069 legati
353 2003 503 2071 praesente
516 2000 642 2056 Honorio
657 2000 849 2056 laudationem
865 2000 1009 2056 Stilieonis
1023 2001 1105 2055 habi-

172 2072 232 2126 turi
248 2072 367 2126 solemni
382 2074 495 2126 exordio
509 2074 636 2136 utuntur,
650 2073 760 2126 utinam
774 2075 906 2126 centenas
920 2089 1004 2127 voees
1018 2072 1106 2125 habe-

171 2148 279 2196 remus!
300 2143 448 2212 sicutipse
462 2145 546 2224 poeta
559 2146 656 2196 noster
669 2145 700 2197 in
713 2143 780 2198 Pan.
794 2143 876 2197 Prob.
891 2161 917 2198 v.
929 2150 971 2198 55.
1001 2142 1105 2197 similia

173 2213 334 2282 composuit
351 2213 492 2267 Iahnius
485 2231 515 2266 ιιι
533 2213 577 2269 ed.
596 2213 694 2268 Persii.

91 2291 151 2341 186
173 2285 269 2365 dimite]
296 2284 413 2338 idoneos
431 2286 520 2337 testes
543 2300 599 2337 non
621 2285 709 2338 habet
730 2285 801 2364 haee
820 2283 921 2364 lectio,
950 2284 1005 2339 nisi
1028 2284 1104 2352 quod

170 2355 408 2409 verisimillimum
427 2357 472 2409 est
484 2354 600 2410 limiae
591 2373 622 2408 m
635 2354 688 2409 VP
706 2371 741 2409 ex
754 2353 818 2422 ipsa
832 2353 969 2423 originem
984 2354 1103 2435 cepisse.

171 2427 286 2482 militem
304 2428 429 2481 autem
416 2443 545 2481 suerrum
563 2443 697 2506 nmquam
720 2425 778 2478 diet
767 2432 826 2478 tum
845 2442 906 2479 esse
931 2425 1104 2506 negaverim.

91 2504 149 2553 191
167 2499 342 2578 possideant]
362 2497 436 2550 huno
455 2495 664 2550 eoniunetirum
681 2498 797 2566 prepter
811 2495 899 2549 selam
913 2494 954 2549 rei
969 2495 1104 2550 metricae

170 2568 311 2623 rationem
329 2570 443 2637 poetam
460 2566 589 2637 posuisse
608 2567 733 2648 adparet.

90 2645 151 2697 197
170 2638 256 2705 huius
276 2655 371 2692 versus
390 2654 503 2692 sensum
522 2637 720 2692 sufficienter
712 2654 770 2691 1am
789 2635 928 2690 Gesnerus
947 2636 1104 2705 explicasse

171 2691 245 2763 milri
262 2707 389 2776 videtur3
409 2711 533 2763 ceterum
552 2708 719 2763 Skutschius
738 2707 881 2763 Catullum
900 2707 1020 2762 xxxia
1039 2724 1106 2762 con-

171 2779 319 2834 ferendum
336 2797 398 2834 esse
416 2781 520 2835 menet.

89 2857 151 2909 198
171 2851 363 2921 Eaeeetieque]
392 2850 427 2905 de
454 2849 606 2904 iteratione
635 2848 752 2918 copulae
780 2848 942 2903 necessaria
967 2849 1002 2904 ef.
1021 2848 1106 2904 Birtii

135 2921 261 2991 ·.prsef
280 2940 308 2991 p
323 2916 427 2988 CCXII,
447 2937 530 2989 quem
550 2922 661 2975 secutus
680 2937 750 2975 sum.

88 2999 151 3050 226
171 2992 315 3062 adnuerit]
334 2994 410 3047 reete
428 2992 538 3072 recepit
555 2991 699 3060 proximus
717 2989 818 3058 editor,
837 2991 912 3057 quod
927 2990 1039 3044 omissis
1054 2990 1106 3056 eis,

170 3079 246 3132 quae
260 3062 331 3118 ille'
322 3080 381 3117 iam
395 3061 534 3132 exposuit,
547 3063 686 3144 probatur
699 3061 745 3114 vel
758 3063 917 3130 temporum
930 3061 1107 3129 contempla

170 3133 263 3200 tione;
286 3150 388 3215 nempe
412 3132 607 3187 coniunctivue
627 3131 747 3201 perfecti
766 3131 812 3186 vel
829 3131 956 3185 futurum
974 3134 1105 3185 exactum

171 3205 304 3274 exigitur
337 3204 360 3258 ii
377 3221 444 3259 vero
463 3203 663 3272 manuscripti,
682 3202 732 3269 qui
751 3202 869 3256 alteram
908 3219 1038 3257 ersonam
1056 3203 1105 3256 ob·

169 3276 274 3344 ferunt,
294 3274 505 3330 ooniunetivum
523 3276 630 3329 habent
646 3273 804 3343 temporis'
796 3290 872 3344 impe
899 3272 956 3327 eoti
969 3290 1106 3330 auaueree

170 3363 262 3414 eoque
279 3345 347 3400 falsi
365 3348 564 3417 coarguuntur

86 3427 149 3478 240
168 3417 303 3488 dominis]
323 3415 363 3472 sie
381 3417 403 3470 E
423 3433 488 3470 eum
507 3414 637 3485 adseclas,
656 3415 732 3484 quod
748 3415 873 3484 praetuli
891 3431 954 3468 cum
971 3414 1105 3484 Gesnero,

168 3489 240 3559 quia
257 3489 358 3543 fortius
377 3490 429 3542 est
