2392 3870
396 841 459 911 DE
487 841 641 913 BELLO
672 841 895 916 GOTHICO.

520 1001 760 1063 PRAEFATIO.

584 1135 697 1206 (11111.)

135 1246 215 1309 Post
238 1243 358 1309 resides
382 1265 484 1308 annos
507 1245 606 1331 longo
630 1244 719 1309 velut
742 1244 847 1309 excita
871 1269 1002 1319 somno

178 1333 335 1398 Romanis
358 1333 479 1397 fruitur
500 1337 613 1397 nostra
635 1333 752 1398 Thalia
774 1333 893 1401 choris.

136 1422 273 1507 Optatos
296 1427 453 1487 renovant
476 1424 586 1487 eadem
608 1422 690 1486 mihi
714 1422 854 1487 culmina
879 1433 1022 1519 coetus²

179 1512 336 1576 Personat
360 1515 391 1575 et
413 1516 493 1576 noto
515 1511 636 1595 Pythie
657 1515 731 1576 vate
754 1511 882 1578 domus:

137 1599 287 1665 Consulis
310 1601 364 1664 hic
386 1600 489 1665 fasces
513 1600 614 1665 cecini
636 1599 837 1685 Libyamque
859 1612 1054 1699 receptam,

179 1688 244 1752 Hic
265 1690 347 1754 mihi
369 1690 543 1774 prostratis
565 1689 652 1753 belia
675 1689 815 1754 canenda
839 1688 943 1758 Getis.

137 1865 199 1930 Sed
221 1865 311 1949 prior
333 1866 476 1953 effigiem
498 1866 616 1930 tribuit
639 1888 805 1932 successus
827 1888 960 1959 aenam,
983 1860 1001 1878 *¹

181 1953 309 2037 Oraque
331 1955 488 2038 patricius
510 1959 623 2019 nostre
646 1955 765 2020 dicavit
787 1956 906 2041 honos;

138 2039 263 2105 Adnuit
286 2041 340 2106 hic
362 2042 512 2125 princeps
535 2044 669 2108 titulum
691 2050 843 2129 poscente
866 2053 998 2117 senatu

181 2130 317 2214 Respice
341 2130 497 2193 iudicium
520 2152 616 2213 quam
639 2155 750 2220 grave,
772 2133 880 2219 Musa,
904 2136 1018 2207 subis!
1133 2163 1161 2211 10

136 2217 272 2306 ingenio
295 2218 414 2283 minuit
436 2241 557 2284 merces
580 2226 752 2305 properata
774 2223 926 2288 favorem.

181 2308 386 2374 Carminibus
409 2309 537 2373 veniam
558 2310 701 2394 praemia
723 2315 815 2375 tanta
836 2317 977 2401 negant3

135 2398 180 2462 Et
203 2398 308 2486 magis
331 2398 457 2463 intento
482 2398 625 2463 studium
648 2420 779 2464 censore
802 2399 945 2487 laborat,

181 2487 273 2565 Quod
295 2488 434 2574 legimur
456 2487 562 2551 medio
586 2488 867 2572 conspicimurque
889 2490 975 2559 foro.

135 2662 286 2727 Materies
309 2668 419 2729 tamen
440 2665 512 2749 ipsa
534 2665 624 2729 iuvet
648 2665 845 2748 solitumque
867 2665 1025 2736 timorem
1128 2693 1157 2740 11

179 2750 317 2816 Dicturo
340 2776 458 2840 magna
481 2753 592 2818 sedula
614 2757 705 2838 parte
728 2752 822 2818 levat.

135 2837 221 2904 Nam
243 2839 325 2904 mihi
350 2842 501 2906 conciliat
524 2846 634 2929 gratas
658 2842 837 2926 impensius
860 2864 953 2908 aures

179 2926 241 2991 Vel
264 2930 416 2994 meritum
438 2931 517 2996 belli
540 2931 592 2995 vel
615 2930 806 2996 Stilichonis
830 2953 928 2996 amor.

579 3265 706 3335 (111111.)

201 3371 320 3437 Intacti
345 3394 416 3436 cum
441 3374 581 3439 claustra
604 3375 693 3459 freti,
717 3375 908 3439 coeuntibus
931 3397 1058 3462 aequor

128 3460 303 3530 Armatum
327 3462 489 3552 scopulis,
511 3464 619 3529 audax
637 3463 836 3545 imumperet
859 3461 948 3548 Argo
