2392 3870
61 167 209 237 (XXXVI.)
226 166 275 220 DE
294 166 418 222 RAPTV
432 166 684 222 PROSERPINAE
705 167 814 222 LIBER
827 169 990 226 TERTIVS.
1013 170 1079 234 287

59 329 296 413 inmeritasque
318 352 451 394 movens
475 329 600 394 alterno
623 331 755 395 verbere
778 353 899 414 pennas

60 419 222 484 Sicaniam
246 418 385 502 quaerit,
408 440 481 482 curn
502 419 639 483 necdum
662 419 866 485 absconderit
889 419 988 485 Idam.
1027 437 1079 486 140

62 508 185 573 Cuncta
207 511 303 592 pavet
327 512 499 591 speratque
521 507 613 572 nihil.
651 507 704 572 Sic
727 513 854 573 aestuat
877 510 958 595 0100,

61 596 149 674 Quae
170 600 299 661 teneros
322 595 548 661 humilitatus
571 597 768 662 commiserit
793 620 872 663 orno

59 684 218 749 Adlatura
242 685 347 770 cibos,
370 688 402 748 et
424 685 564 768 plurima
588 687 710 772 cogitat
733 687 863 751 absens:

58 775 110 841 Ne
132 774 286 861 gracilem
308 778 424 838 ventus
448 774 623 839 decusserit
646 776 761 840 arbore
783 775 910 862 nidum,

58 863 109 929 Ne
132 864 256 927 furtum
279 867 413 946 pateant
435 862 576 950 homini,
598 887 639 928 ne
662 865 780 948 praeda
804 865 955 930 colubris.
1025 882 1074 932 140

124 952 171 1016 Vt
195 952 309 1016 domus
333 952 477 1016 excubiis
501 953 700 1017 incustodita
722 954 856 1018 remotis

59 1040 105 1104 Et
128 1041 307 1124 resupinati
328 1040 478 1126 neglecto
502 1041 631 1104 cardine
654 1045 765 1124 postes

58 1129 194 1193 Flebilis
218 1133 251 1192 et
273 1129 391 1192 tacitae
415 1128 538 1212 species
562 1129 712 1212 adparuit
735 1129 840 1194 aulae:

56 1217 136 1283 Non
157 1220 326 1300 expectato
349 1221 497 1300 respectu
521 1217 621 1281 cladis
646 1216 783 1281 amictus

60 1305 227 1370 Consoidit
250 1310 282 1370 01
305 1305 426 1369 fractas
450 1327 522 1369 curn
546 1306 634 1370 crine
657 1305 770 1370 avellit
793 1305 919 1370 aristas.
1025 1324 1077 1375 100

57 1395 242 1458 Haeserunt
265 1394 430 1480 lacrimae,
452 1416 511 1458 nec
533 1417 597 1459 vox
620 1398 676 1458 aut
700 1394 835 1478 spiritus
859 1395 924 1459 oris

58 1483 231 1568 Redditur,
255 1487 352 1567 atque
374 1483 449 1547 imis
472 1484 581 1548 vibrat
603 1487 726 1547 tremor
750 1506 823 1548 ossa
845 1484 1009 1570 medullis3

60 1571 211 1638 Succidui
234 1572 380 1636 titubant
403 1595 548 1659 gressus,
571 1572 762 1656 foribusque
785 1572 934 1659 reclusis,

57 1662 146 1726 Dum
167 1683 284 1724 vacuas
309 1661 399 1725 sedes
423 1661 623 1725 et-desolata
645 1665 790 1745 pererrat

57 1749 167 1835 Atria,
190 1749 362 1813 semirutas
386 1750 521 1814 confuso
546 1749 684 1814 stamine
707 1750 790 1813 telas
1025 1767 1075 1817 100

57 1838 166 1922 Atque
189 1838 385 1922 interceptas
409 1838 557 1925 agnoscit
579 1839 718 1922 pectinis
742 1843 836 1903 artes.

56 1927 195 1992 Divinus
218 1927 303 2010 perit
326 1927 383 1991 1110
405 1926 512 2012 labor,
536 1927 742 2011 spatiumque
765 1927 915 1992 relictum

56 2014 175 2080 Audax
197 2016 355 2102 sacrilego
380 2016 552 2099 supplebat
575 2038 692 2080 aranea
714 2021 814 2081 textu.

123 2104 193 2170 Nec
217 2106 310 2168 deflet
332 2104 501 2191 plangitve
523 2105 659 2189 malum,
682 2110 810 2170 1011111111
834 2107 944 2171 0001110
967 2107 1050 2171 10100

55 2193 145 2280 Figit
169 2197 201 2257 01
224 2194 390 2278 abrumpit
412 2199 520 2258 mutas
543 2193 578 2258 in
600 2194 656 2258 fila
680 2196 853 2280 querellas3
1025 2214 1075 2263 100

56 2281 264 2366 Attritosque
287 2305 385 2347 manu
408 2283 516 2348 radios
539 2283 746 2367 proiectaque
769 2306 870 2367 pensa

59 2371 246 2455 Cunctaque
268 2371 414 2459 virgineo
439 2395 552 2456 sparsa
575 2372 792 2436 oblectamina
814 2372 891 2435 ludo
942 2450 946 2458 Ι

58 2460 123 2525 Ocu
145 2465 257 2525 natam
279 2465 407 2545 pressat
429 2461 568 2547 gremi03
592 2464 780 2542 castumque
805 2459 910 2522 cubile

55 2549 275 2633 Desertosque
299 2554 389 2613 toros
413 2553 459 2632 et,
483 2547 587 2611 sicubi
611 2547 736 2612 sederat
760 2546 852 2630 olim,

55 2637 211 2723 Perlegit:
235 2637 394 2700 attonitus
419 2636 548 2699 stabulo
573 2657 631 2699 ceu
653 2640 765 2719 pastor
788 2634 891 2719 inani,
1023 2651 1073 2702 100

57 2724 117 2789 Cui
140 2747 238 2808 pecus
262 2728 318 2787 aut
341 2723 447 2788 rabies
470 2723 654 2788 Poenorum
677 2723 810 2807 inopina
832 2723 963 2787 leonum
987 2788 991 2799 ,

54 2811 123 2876 Aut
146 2812 365 2897 populatrices
388 2812 581 2877 infestavere
605 2816 765 2897 catervae3

56 2901 154 2966 Serus
178 2906 212 2965 at
235 2901 290 2965 ille
313 2901 397 2964 redit
419 2905 610 2985 vastataque
633 2922 753 2985 pascua
775 2901 919 2964 lustrans

54 2990 132 3056 Non
154 3012 367 3074 responsuros
391 2989 454 3054 ciet
476 2990 693 3074 imploratque
716 2990 877 3054 iuvencos.

121 3078 230 3164 Atque
253 3079 301 3142 ibi
325 3083 448 3143 secreta
470 3083 631 3143 tectorum
654 3079 689 3143 in
711 3083 804 3162 parte
826 3078 983 3142 iacentem
1021 3095 1073 3144 110

57 3167 225 3252 Conspicit
247 3167 425 3254 Electram,
448 3172 544 3232 natae
568 3189 650 3251 quae
674 3167 784 3231 sedula
806 3167 937 3231 nutrix‘

56 3254 175 3322 Oceani
197 3257 321 3340 priscas
345 3257 431 3321 inter
452 3257 625 3321 notissima
647 3256 827 3340 Nymphas.

54 3344 119 3409 Par
143 3345 251 3410 Cereri
273 3346 393 3432 pietas3
416 3345 495 3409 haec
518 3349 593 3429 post
617 3345 777 3409 cunabula
801 3344 887 3409 dulci

54 3432 151 3497 Ferre
176 3434 249 3498 sinu
272 3456 462 3518 summoque
485 3433 556 3499 lovi
579 3434 733 3498 deducere
755 3457 888 3518 parvam

55 3521 210 3586 Sueverat
234 3526 266 3586 et
288 3523 426 3609 genibus
449 3523 614 3588 ludentem
637 3527 747 3607 aptare
770 3521 929 3607 paternis,
1020 3536 1071 3587 110
