2392 3870
314 177 433 252 (xxvi.)
457 176 506 230 nn
525 175 642 232 annno
662 175 828 234 00111100.
1013 178 1076 244 201

59 339 124 403 Η10
148 339 231 403 10101
254 339 372 425 effecit,
395 341 510 403 bruma
531 361 572 403 ne
595 339 725 426 longior
747 360 812 402 una

61 429 160 493 Esset
182 428 286 492 hiems
309 450 429 513 rerum,
452 428 565 512 primis
590 428 646 491 sed
667 427 833 492 mensibus
857 432 962 492 aestas

62 516 262 600 Temperiem
286 517 374 581 caelo
397 517 519 601 pariter
542 516 693 600 belloque
716 517 858 580 referret.

131 603 193 670 Sed
219 605 297 688 quid
324 627 384 692 ego
407 605 625 670 Hannibalem
649 609 761 670 contra
781 604 1007 688 Pyrrhumque
1030 608 1082 670 tot

771 716 864 757 anms

64 781 230 846 Certatum
252 804 440 867 memorem,
463 782 537 847 vilis
562 804 634 846 cum
659 780 833 866 Spartacus
857 804 951 846 omne
1030 798 1080 848 155

61 870 123 935 Per
145 871 233 935 latus
255 869 370 935 Italiae
393 872 479 935 ferro
503 870 679 935 bacchatus
702 874 735 934 et
757 871 827 957 igni

64 959 324 1042 Consulibusque
346 961 455 1044 palam
477 960 598 1023 totiens
622 980 815 1045 congressus
838 959 958 1022 inertes

61 1049 198 1113 Exuerit
222 1048 337 1112 castris
361 1048 509 1112 dominos
532 1052 565 1113 et
589 1051 697 1134 strage
719 1047 868 1131 pudenda

61 1136 195 1200 Fuderit
218 1137 365 1200 imbelles
390 1136 515 1220 aquilas
540 1136 712 1201 servilibus
736 1137 842 1200 armis.

61 1224 132 1290 Nos
156 1228 317 1288 terrorum
340 1246 464 1308 expers*
477 1229 509 1289 et
532 1225 607 1289 lusu
629 1224 760 1289 mollior
783 1228 871 1288 aetas
1032 1241 1082 1290 160

61 1313 238 1378 Deficimus
263 1313 402 1398 queruli,
426 1314 454 1377 si
477 1314 537 1377 bos
561 1313 720 1378 abductus
744 1316 866 1398 aratra,

63 1400 98 1467 Si
121 1401 223 1464 libata
247 1423 348 1488 seges.
384 1401 462 1467 Non
484 1402 568 1466 hanc
591 1401 755 1488 ergastula
777 1401 873 1465 nobis

61 1489 217 1554 Immisere
239 1513 371 1554 manum
393 1513 452 1555 nec
476 1491 674 1555 coniurantis
698 1490 836 1554 harenae

62 1578 172 1642 Turba
195 1579 273 1664 fuit3
297 1579 426 1662 qualem
449 1578 586 1645 Stilicho
611 1578 760 1644 deiecerit
783 1579 925 1664 hostem,

43 1666 202 1732 'Thraces
226 1672 259 1732 et
281 1668 454 1732 Haemonii
476 1671 631 1752 poterunt
653 1666 820 1751 Moesique
843 1667 947 1732 fateri.
1030 1683 1081 1734 105

129 1756 262 1842 Frigida
284 1760 335 1820 ter
358 1756 462 1820 decies
485 1756 643 1820 nudatum
666 1756 836 1820 frondibus
859 1756 1019 1820 Haemum

63 1843 179 1908 Tendit
202 1844 305 1907 hiems
328 1845 447 1908 vestire
470 1845 546 1931 gelu
569 1845 753 1927 totiensque
777 1844 894 1909 solutis

62 1931 130 1995 Ver
152 1931 282 1996 nivibus
305 1932 441 1996 viridem
463 1933 567 1997 monti
589 1934 942 2019 reparavit'amictum,

62 2020 115 2083 Ex
139 2041 203 2102 quo
226 2019 292 2083 iam
314 2020 438 2105 patrios
461 2043 541 2108 gens
563 2021 643 2085 haec
666 2022 769 2086 oblita
791 2021 926 2087 Triones

64 2107 172 2190 Atque
195 2108 346 2173 Histrum
368 2114 551 2175 transvecta
575 2110 675 2175 semel
697 2111 835 2196 vestigia
858 2111 931 2174 fixit
1031 2127 1082 2176 1⁷0

64 2196 211 2260 Threicio
235 2198 364 2262 funesta
388 2199 472 2263 solo:
496 2221 553 2264 seu
575 2200 643 2264 fata
665 2201 826 2265 vocabant
1178 2208 1180 2211 ’

64 2284 128 2350 Seu
150 2287 259 2372 gravis
282 2287 331 2351 ira
354 2287 461 2374 deum,
485 2288 600 2353 seriem
622 2289 777 2353 meditata
800 2287 911 2353 ruinis.

62 2374 208 2461 1111110,
233 2398 435 2460 quocumque
458 2399 559 2463 vagos
582 2376 719 2462 impegit
741 2375 876 2460 Erinys,

64 2462 237 2528 Grandinis
261 2469 317 2529 aut
340 2465 446 2528 morbi
469 2466 535 2529 ritu
556 2487 614 2549 per
638 2464 729 2528 devia
752 2484 841 2547 rura,

62 2551 259 2636 Praecipites
282 2575 340 2636 per
363 2552 473 2616 clausa
496 2556 608 2637 ruunt,
631 2573 691 2615 nec
714 2550 852 2636 contigit
875 2549 952 2613 ullis
1030 2567 1081 2616 1⁷5

62 2639 225 2703 Amnibus
249 2643 306 2703 aut
329 2639 471 2723 scopulis
494 2639 643 2723 proprias
667 2638 835 2702 defendere
857 2641 969 2702 terras.

62 2727 121 2793 Nil
143 2726 314 2811 Rhodope,
337 2727 385 2791 nil
407 2731 519 2791 vastus
543 2727 664 2812 Athos,
688 2726 737 2790 nil
758 2726 883 2810 profuit
906 2726 1037 2791 Hebrus

64 2815 224 2901 Odrysiis,
247 2815 336 2879 facili
359 2819 580 2899 contemptum
603 2814 778 2899 Strymona
801 2816 887 2880 saltu

63 2905 109 2968 111
133 2905 255 2969 frustra
278 2904 427 2988 rapidum
450 2904 604 2968 damnant
626 2904 839 2969 Haliacmona
861 2904 964 2972 Bessi.

63 2992 215 3058 Nubibus
238 2994 397 3058 intactum
420 2991 552 3058 Macedo
576 2993 713 3057 miratur
736 2991 911 3077 Olympum
1031 3011 1082 3060 180

63 3081 154 3145 More
176 3087 377 3166 pererratum
401 3083 518 3168 campi,
541 3083 642 3169 gemit
664 3082 763 3146 imita
786 3081 905 3166 Tempe

64 3169 238 3236 Thessalus
261 3175 294 3235 01
317 3171 448 3236 domitis
471 3171 605 3236 inrisam
629 3170 777 3235 cautibus
801 3168 910 3235 Oeten.

65 3258 301 3344 Sperchiusque
324 3265 357 3325 01
379 3259 561 3347 virginibus
585 3259 721 3324 dilectus
744 3259 888 3343 Enipeus
955 3289 957 3292 ·

137 3545 189 3593 174
207 3541 285 3612 rura]
303 3559 366 3612 cqo;
384 3557 484 3595 rerum.
