2392 3870
340 147 621 204 ADIVOTAI'IONES
641 147 815 204 CRITICAE.
955 150 1088 207 XXXVII

138 323 206 360 arou
221 305 449 376 interpretandus
460 310 511 377 est,
525 325 589 361 nam
601 308 770 362 conferenda
785 309 851 361 sunt
865 325 929 361 oum
943 310 1086 377 quaestio-

137 376 222 432 nibus
237 377 313 432 hisoe
324 377 473 432 Claudiani
488 378 583 446 capita
592 380 669 433 Aetii
681 379 746 432 1113
761 380 826 447 περὶ
838 381 971 450 βροντῶν,
986 381 1086 449 ἀστρα-

137 456 209 515 πῶν,
229 457 387 517 eoquorum
405 448 476 503 1114
495 451 560 518 περὶ
578 459 682 520 νεφῶν,
701 451 797 518 ὑετῶν,
816 448 928 520 χιόνων,
945 455 1086 521 pollutam

138 519 178 571 111
194 525 210 573 5
224 522 289 588 περὶ
303 519 392 588 ἴριδος
415 522 443 573 et
457 520 504 573 hio
517 519 631 588 quidem
646 520 805 574 Metrodoro
821 523 935 575 auctore
955 523 1088 577 docemur

139 588 210 644 ὅταν
224 589 272 644 διὰ
288 588 474 659 remberviller
488 589 644 662 διαλάμψῃ,
657 591 689 645 τὸ
704 589 757 661 μὲν
770 591 856 660 νέφος
870 589 1020 662 κυανίζειν,
1035 596 1088 662 τὴν

139 658 168 714 δ’
185 661 276 730 αὐγὴν
293 659 579 730 ἐρυθραίνεσθαι.
611 661 678 715 hinc
692 661 780 730 igitur
797 663 899 716 rutilus
919 662 968 716 ifle
988 665 1085 719 color'.

57 738 117 786 129
139 733 292 802 causaque}
304 735 454 802 parcusque
465 732 650 787 Buechelerus
665 732 706 785 rei
720 733 926 800 convenienter,
942 734 992 787 sed
1006 751 1086 804 grae·

140 819 204 856 cam
217 819 315 857 vocem
329 803 376 857 vix
390 802 505 857 admisit
519 806 613 872 poeta.
642 819 694 874 ego
705 806 796 858 caucis
808 804 850 857 ita
859 804 966 858 dictum
981 808 1086 873 putem,

137 876 172 926 ut
190 890 213 928 5.
228 891 264 928 m.
279 873 368 927 XXIX
383 882 399 927 3
418 891 487 943 quac
506 891 591 929 cauco
609 876 683 929 iubet
697 876 844 943 pallescere
868 876 956 931 solem.
990 877 1087 944 itaque

138 947 231 999 causes
248 961 299 1014 pro
320 943 415 998 ‘certis
435 944 539 999 causis'
560 944 681 998 fortasse
700 944 895 1015 accipiendam
914 948 966 1000 est.

59 1020 119 1071 130
139 1016 260 1086 Induat]
284 1018 372 1086 ciperet
394 1015 470 1082 quod
492 1015 631 1084 praebent
654 1014 694 1070 εΒ
720 1015 803 1069 ualde
831 1015 959 1071 adridere
988 1016 1087 1084 debet;

138 1085 219 1167 tollit
242 1086 317 1140 euim
342 1086 452 1139 hiatum
475 1085 679 1167 molestiorem
707 1089 803 1140 tamen
826 1090 993 1157 aspernatus
1017 1105 1088 1155 sum,

59 1234 117 1283 173
138 1173 212 1298 iiiii]
226 1162 380 1296 spggrffilcpr
391 1157 836 1297 ‹fiiffgiiirrvsiff6'caeophonis
864 1228 955 1282 oritur
978 1229 1024 1298 (of.
1043 1227 1085 1282 Bi.

137 1297 226 1368 praef.
250 1318 277 1368 p.
297 1297 418 1368 CCXIX)
445 1302 474 1352 et
501 1315 670 1366 quamquam
693 1299 716 1352 E
741 1298 892 1367 discrepat.
930 1299 983 1353 hoc
1012 1298 1087 1352 enim

139 1385 258 1422 acumen
276 1373 320 1424 est
337 1371 455 1437 poetae,
474 1368 576 1422 iterum
596 1369 691 1423 venire
710 1369 813 1422 debere
831 1368 1008 1423 Theodorum
1028 1370 1047 1424 i.
1063 1385 1086 1423 e.

138 1441 229 1494 redc'rc
252 1442 282 1494 et
303 1440 418 1508 quidem
443 1441 597 1507 nobiscum,
625 1439 693 1507 quia
720 1439 834 1492 lustitia
857 1439 915 1493 Pax
937 1439 1020 1493 Fides
1044 1456 1087 1493 re·

140 1510 254 1564 dierunt
277 1510 323 1579 (cf.
341 1509 512 1581 Koenigium
531 1511 568 1564 ad
585 1511 616 1577 1.)
643 1509 769 1578 itemque
791 1509 822 1562 in
846 1509 977 1578 sequenti
1003 1526 1087 1563 versu

138 1583 237 1637 reuerti
254 1580 377 1651 ponitur.

60 1659 118 1707 175
139 1653 229 1724 loupe]
248 1668 299 1721 pro
318 1653 369 1707 diu
387 1652 459 1707 bene
479 1651 641 1706 adservavit
658 1652 710 1706 V1.
744 1652 778 1704 cf.
793 1651 974 1706 3111111511
989 1669 1051 1706 sv.

61 1730 117 1778 180
137 1722 175 1793 ct]
190 1722 292 1776 iterum
307 1722 333 1776 V
348 1723 438 1776 solum
454 1725 567 1776 secutus
581 1722 668 1790 edidi,
681 1730 731 1778 eat
745 1722 855 1791 reliqui.
881 1722 931 1776 sed
946 1722 1086 1793 copulam,

138 1809 197 1848 non
215 1792 433 1847 disiunctionem
451 1793 569 1862 quisque
588 1793 757 1862 expectabit.

60 1870 117 1918 201
138 1865 258 1945 Libyas]
278 1863 354 1932 quod
371 1864 478 1933 primus
498 1864 589 1918 edidit
604 1863 739 1933 Scaliger,
758 1865 972 1918 commendatur
988 1863 1086 1917 simili-

138 1935 238 2059 tugnlre
256 1933 428 2000 litterarum
447 1952 514 1989 nam
533 1936 611 2007 lydos
628 1935 675 1989 vel
693 1937 763 1991 lidos
782 1935 872 2002 codd,
893 1935 969 2002 qnod
986 1935 1086 1988 intole-

138 2022 172 2058 ra
193 2005 232 2058 ie
250 2008 302 2059 est.

59 2084 118 2133 205
139 2077 247 2130 lamiae
274 2077 376 2156 rerum]
405 2077 445 2129 sio
473 2075 656 2145 interpretor:
683 2079 716 2130 ut
743 2075 834 2130 Roma
860 2075 925 2145 ipsa
952 2073 1086 2129 Romanis

139 2146 235 2201 lumen
253 2164 345 2201 rerum
362 2164 381 2200 1.
397 2162 420 2202 e.
440 2147 529 2201 totius
548 2146 624 2201 orbis
643 2149 780 2201 terrarum
798 2146 860 2201 visa
879 2147 930 2214 est,
949 2145 992 2200 ita
1005 2148 1086 2213 quat

138 2221 205 2271 tuor
222 2217 289 2271 illae
307 2216 409 2271 Italiae
433 2217 590 2283 dioeceses,
618 2234 689 2286 quas
712 2217 795 2272 modo
820 2216 972 2286 descripsit
992 2218 1086 2286 poeta,

137 2305 197 2342 non
213 2287 309 2356 inepte
329 2290 437 2343 lwme‘rea
454 2306 546 2343 reram
565 2288 621 2342 dici
639 2294 765 2357 possunt.

60 2365 119 2415 215
139 2360 242 2430 decori]
262 2376 296 2413 ex
316 2360 358 2412 V1
376 2358 468 2427 magis
486 2359 597 2427 placuit
615 2376 700 2427 quam
720 2361 824 2414 decora.

61 2436 120 2486 231
141 2429 176 2483 de
194 2429 248 2484 hoc
266 2445 349 2484 versu
368 2433 464 2483 confer
481 2446 553 2497 quae
573 2429 710 2484 adnotavi
728 2430 803 2499 apud
822 2426 952 2480 Biitium.

61 2508 119 2557 237
140 2502 282 2572 lassisque]
301 2500 374 2553 nihil
393 2501 567 2563 mutandum,
586 2517 652 2554 nam
671 2503 738 2556 lasci
754 2498 825 2554 lacti
840 2500 906 2552 sunt
919 2499 1021 2567 pontes
1036 2498 1087 2551 im-

139 2574 208 2640 petu
227 2570 335 2625 ruentis
355 2587 452 2638 aquae.

62 2647 120 2699 238
140 2648 166 2697 et
184 2643 305 2702 oolooutl
325 2642 397 2695 bene
416 2641 521 2695 Biitius
539 2641 667 2696 restituit
685 2659 719 2696 ex
737 2643 767 2711 Β,
787 2641 835 2711 qui
853 2640 972 2710 praebet
989 2646 1015 2696 ct
1031 2640 1088 2696 vol·

140 2720 203 2776 oat;
221 2712 257 2767 cf.
277 2711 337 2766 eius
356 2712 446 2781 praef.
464 2731 492 2781 p.
509 2711 611 2768 CCXX.

61 2788 119 2840 248
139 2783 263 2854 Larpior
281 2784 317 2852 et]
337 2800 401 2836 cum
421 2783 535 2851 optimis
554 2783 581 2836 V
599 2785 628 2836 et
646 2783 669 2835 E
689 2783 766 2838 edidi
785 2782 819 2837 of.
838 2801 865 2836 v.
883 2786 943 2836 234.

59 2863 116 2910 261
141 2854 282 2925 Graccum]
302 2870 337 2907 ex
350 2854 376 2908 V
389 2853 479 2906 malui
492 2855 607 2923 propter
621 2854 699 2908 modi
713 2853 945 2917 concinnitatem
961 2850 1089 2920 sequitur

140 2925 217 2979 enim
235 2927 344 2994 pacat,
367 2924 442 2992 quod
463 2924 603 2979 artissime
624 2940 675 2992 per
694 2925 825 2994 copulam
845 2922 1025 2977 coniunctum
1045 2925 1090 2975 est

138 3012 204 3049 oum
223 2995 464 3050 antecedentibus.
498 2995 553 3048 huc
573 2994 696 3064 accedit,
716 2994 792 3063 quod
810 2994 960 3048 lectionem
979 2995 1088 3048 crescite

139 3068 231 3190 orgum
256 3082 317 3120 esse
341 3082 375 3119 ex
397 3068 513 3137 eapite,
541 3066 616 3133 quod
645 3067 772 3134 sequitur
798 3084 824 3120 v.
846 3070 911 3133 264,
940 3062 1087 3133 probabile

137 3139 166 3192 vi
190 3139 219 3191 et
254 3182 259 3193 .

57 3214 117 3266 280
137 3208 200 3279 Ea]
220 3206 260 3261 sio
279 3224 342 3262 oum
362 3207 385 3260 Ε
405 3207 516 3276 scripsi3
537 3206 561 3261 si
580 3206 833 3260 5111111511111279
853 3205 965 3273 spurius
981 3207 1031 3273 est,
1052 3205 1087 3258 de

136 3295 195 3347 quo
214 3277 307 3333 nullus
330 3278 429 3332 dubito
456 3278 502 3348 (cf.
517 3276 601 3332 Birtii
618 3277 707 3347 praef.
727 3296 754 3347 p.
770 3276 841 3344 CV),
870 3277 910 3331 Et
933 3292 1016 3330 versu
1036 3279 1088 3328 280

135 3366 196 3403 non
215 3348 328 3403 sufficit.
362 3349 437 3416 quod
457 3348 482 3402 si
499 3365 551 3417 pro
569 3349 611 3404 ool
629 3349 704 3402 esset
727 3347 937 3417 accipiendum,
963 3346 993 3399 id
1012 3345 1088 3414 quod

137 3419 261 3474 sustinet
275 3419 471 3489 Buechelerus,
489 3435 547 3473 non
564 3419 648 3475 rideo
667 3435 716 3472 our
732 3435 789 3472 non
807 3418 900 3487 ipsum
914 3418 956 3472 vel
970 3433 987 3470 a
1000 3419 1088 3486 poeta

134 3489 262 3562 positum
283 3490 327 3546 sit.
