2392 3870
69 177 182 248 (XXII.)
194 173 243 227 DE
258 172 405 228 CONSVL.
422 171 648 227 STILIOHONIS
662 172 772 228 LIBER
785 172 984 230 SECVNDVS.
1019 175 1080 239 161

71 337 252 404 Eucherius
275 335 425 399 flectebat
448 356 566 417 equum
587 333 765 417 iaculisque
787 335 839 398 vel
862 357 964 414 arou,

73 427 181 491 Aurea
203 445 381 509 purpureos
405 423 557 487 tollentes
581 444 701 487 0011100
724 443 835 487 cervos

74 515 201 579 Aureus
223 514 292 597 ipse
315 512 398 575 ferit.
434 510 546 575 Venus
568 511 622 576 hic
644 511 770 575 invecta
793 511 951 576 columbis

73 603 183 667 Tertia
205 600 306 687 regali
328 599 435 686 iungit
458 599 595 664 conubia
617 621 715 684 nexu,
1034 617 1087 668 355

73 690 272 773 Pennatique
295 710 413 752 nurum
436 688 719 771 circumstipantur
740 686 877 752 Amores

73 778 282 865 Progenitam
304 775 463 862 Augustis
486 774 772 863 Augustorumque
795 798 946 842 sororem.
995 808 1000 818 ·

73 867 254 932 Eucherius
277 864 402 949 trepido
425 865 490 928 iam
512 865 660 928 flammea
683 864 831 929 sublevat
854 887 909 930 ore

74 955 234 1042 Virginis3
257 953 381 1017 adridet
404 956 491 1016 retro
514 951 722 1016 Thermantia
745 953 847 1017 fratri.

73 1042 143 1108 lam
166 1044 280 1107 domus
303 1041 383 1105 haec
404 1046 542 1124 utroque
564 1041 647 1124 petit
670 1041 849 1105 diademata
872 1064 950 1107 sexu
1036 1061 1089 1110 300

74 1132 280 1218 Reginasque
302 1130 389 1214 parit
411 1130 658 1216 reginarumque
680 1129 822 1194 maritos.
877 1135 878 1138 ’

142 1220 277 1283 Talibus
300 1219 417 1282 invitat
440 1217 533 1281 donis
557 1217 731 1300 dextraque
754 1218 928 1304 gerendum

75 1309 160 1372 Diva
183 1307 280 1370 simul
302 1306 446 1390 porrexit
469 1305 561 1391 ebur3
585 1305 796 1370 sollemnibus
818 1328 933 1371 urnam

77 1396 266 1460 Commouet
289 1394 440 1477 auspiciis
463 1394 640 1477 avibusque
663 1394 791 1477 incepta
814 1396 975 1460 secundat.

77 1484 167 1548 Tunc
188 1482 313 1546 habiles
337 1483 434 1546 0111110
456 1503 585 1546 umeros
606 1482 672 1545 iam
693 1482 839 1546 vestibus
862 1485 964 1548 ambit
1037 1501 1090 1550 365

75 1572 256 1657 1101110101ος
278 1571 365 1634 Latii
389 1571 539 1635 sedemmt
561 1576 690 1654 pectore
714 1571 820 1634 cultus

75 1661 271 1743 Loricaeque
294 1660 402 1724 locum
425 1659 531 1724 decuit
554 1663 640 1745 toga.
676 1659 765 1722 Talis
788 1660 829 1723 ab
852 1659 966 1724 Histro

75 1749 139 1812 Vel
162 1748 313 1832 Scythico
336 1748 446 1811 victor·
463 1746 588 1810 rediens
612 1745 770 1811 Gradivus
794 1748 834 1811 ab
858 1769 916 1813 axe
937 1781 940 1787 ⁴

76 1837 234 1919 Deposito
257 1836 347 1899 mitis
370 1834 472 1918 clipeo
496 1834 705 1899 candentibus
727 1836 841 1900 urbem

78 1923 263 2010 Ingreditur
285 1924 451 1987 trabeatus
475 1923 578 2008 equis,
602 1924 745 2007 spatiosa
768 1924 920 2001 Quirinus
1039 1945 1091 1992 370

77 2013 182 2076 Frena
204 2012 289 2097 regit
312 2032 504 2094 currumque
525 2011 628 2095 patris
650 2012 786 2077 Bellona
809 2019 977 2079 cruentum
1086 2076 1090 2082 .

78 2100 211 2164 Ditibus
235 2100 358 2164 exuviis
380 2100 515 2164 tendens
538 2100 578 2164 ad
601 2101 704 2164 sidera
727 2124 880 2185 quercum

77 2187 256 2274 Praecedit,
278 2188 438 2272 lictorque
460 2187 567 2253 Metus
591 2210 664 2253 oum
686 2190 786 2255 fratre
807 2190 931 2256 Pavore

78 2278 222 2341 Barbara
244 2277 373 2342 ferratis
395 2278 564 2342 innectunt
588 2277 671 2343 colla
694 2280 815 2343 catenis

77 2365 187 2429 Velati
209 2365 318 2451 galeas
341 2367 447 2452 lauro,
469 2367 666 2450 propiusque
689 2367 813 2452 iugales
1040 2384 1092 2432 375

76 2453 229 2517 Formido
252 2455 417 2541 ingentem
439 2454 547 2518 vibrat
570 2453 732 2518 succincta
756 2455 900 2518 securim.

145 2541 237 2606 Vidit
259 2547 297 2605 01
320 2545 433 2624 optato
457 2563 491 2605 00
515 2542 646 2605 00110010
668 2541 772 2605 Roma
794 2541 944 2625 potitam:

78 2629 208 2696 ‘Nunc’
232 2630 278 2692 ait
302 2628 741 2712 ε1110011100001111011111010
764 2629 881 2714 campi,

79 2718 176 2783 Nunc
198 2716 293 2801 libet,
315 2720 353 2779 ut
375 2716 460 2780 tanti
484 2714 589 2780 Curiis
612 2716 767 2779 miracula
789 2717 858 2780 voti

79 2804 301 2886 Fabriciisque
324 2803 438 2888 feram,
461 2803 565 2867 famae
588 2804 644 2886 qui
666 2805 797 2868 vulnere
819 2828 922 2890 nuper
1041 2824 1093 2874 380

80 2894 245 2958 Calcatam
267 2893 383 2956 flevere
405 2895 529 2978 togam:
552 2893 617 2957 iam
639 2897 732 2976 prata
755 2893 880 2958 choreis

78 2983 216 3046 Pulsent
238 3004 298 3045 nec
320 2980 442 3067 rigidos
464 2981 583 3065 pudeat
605 2981 722 3045 lusisse
746 2981 892 3048 Catones.

81 3071 203 3135 Audiat
225 3070 287 3134 hoc
310 3070 417 3134 senior
439 3066 763 3153 Brutus‘Poenisque
786 3071 943 3135 tremendi

82 3159 262 3244 Scipiadae,
284 3159 421 3245 geminis
445 3159 574 3223 tandem
597 3158 684 3241 quod
706 3159 808 3223 libera
831 3160 955 3224 damnis

81 3247 187 3312 Vnius
210 3248 330 3311 auxilio
353 3248 456 3312 fasces
478 3247 678 3331 Libyamque
701 3248 814 3332 recepi.
1043 3265 1096 3314 385

82 3335 177 3411 Quod
200 3341 344 3419 superest
367 3359 468 3400 unum
489 3335 653 3420 precibuS,
680 3335 855 3401 fortissime
879 3337 1006 3421 consul,

80 3423 174 3487 Adde
196 3425 290 3509 meio,
312 3425 449 3507 urbique
472 3427 564 3487 tuum
587 3422 705 3509 largire
727 3447 912 3510 parumper,

82 3511 186 3587 Quem
209 3515 316 3598 rogat,
340 3513 523 3577 adventum:
548 3533 645 3594 quam
667 3516 705 3577 10
727 3513 878 3596 belloque
901 3513 1051 3595 fameque

137 3625 278 3666 0011111110
291 3627 359 3678 θη,
373 3627 407 3667 ed.
421 3624 508 3666 Koch
852 3621 893 3669 11
