2392 3870
174 192 238 258 180
492 187 863 246 cnlvnncmvunru

175 357 318 422 Certavit
340 355 462 439 pietate
485 353 614 436 domus,
636 351 782 434 fidaeque
805 350 977 416 reductum

174 444 332 530 Coniugis
355 443 464 507 officio
488 440 680 506 Stilichonis
703 462 780 505 cura
801 439 931 524 recepit.
1164 467 1176 514 1

241 533 333 597 Felix
356 532 412 595 ille
434 552 565 614 parens,
589 529 645 612 qui
667 533 700 593 te
723 550 854 593 securus
878 526 1066 615 Olympum

173 622 370 688 Succedente
392 619 489 703 petit!
513 640 611 701 quam
633 618 738 681 laetus
761 617 802 681 ab
825 616 954 682 aethere
979 622 1096 688 cernit

174 710 215 776 Sc
238 709 334 773 factis
358 708 495 772 crevisse
517 707 598 771 tuis!
643 706 717 770 Duo
739 727 878 788 namque
900 706 993 772 fuere

173 799 324 881 Europae
347 797 534 879 Libyaeque
556 795 681 860 hostes:
704 793 890 858 Maurusius
911 793 1012 860 Atlas

174 885 324 952 Gildonis
347 885 476 968 Furias,
501 883 667 949 Alaricum
689 883 828 947 barbara
849 883 954 947 Peuce
1159 911 1173 958 1

172 975 360 1059 Nutricrat,
384 973 440 1056 qui
463 995 557 1056 saepe
579 977 673 1036 tuum
695 993 844 1056 sprevere
865 972 1005 1055 profana

173 1064 282 1128 Mente
304 1065 439 1146 patrem.
484 1061 645 1125 Thracum
667 1060 848 1125 venientem
870 1060 992 1125 finibus
1017 1063 1112 1133 alter

173 1152 277 1216 Hebri
301 1151 417 1215 clausit
441 1149 547 1234 aquis3
569 1148 652 1213 alter
673 1154 844 1233 praecepta
865 1149 1016 1215 vocantis

173 1241 311 1324 Respuit
330 1239 522 1322 auxiliisque
544 1238 586 1301 ad
608 1238 755 1321 proxima
777 1237 863 1302 bella
884 1239 1015 1325 negatis

174 1329 334 1393 Abiurata
357 1329 465 1412 palam
486 1327 610 1410 Libyae
632 1327 819 1410 possederat
842 1348 931 1391 arva:
1158 1353 1190 1402 11

176 1418 321 1495 Quorum
343 1439 429 1480 nunc
452 1415 601 1480 meritam
623 1419 772 1499 repetens
795 1437 862 1480 non
883 1415 1046 1483 inmemor
1072 1420 1165 1491 iram

177 1505 353 1590 Suppliciis
376 1505 496 1569 fruitur
517 1508 660 1588 natoque
682 1504 788 1569 ultore
811 1503 1000 1589 triumphat.

176 1595 264 1659 Ense
287 1594 501 1678 Thyestiadae
523 1615 644 1676 poenas
667 1593 775 1679 exegit
799 1591 938 1678 Orestes,

176 1683 239 1749 Sed
261 1682 400 1747 mixtum
421 1683 542 1766 pietate
564 1682 656 1746 nefas
680 1681 920 1765 dubitandaque
942 1683 1052 1750 caedis

177 1770 302 1856 Gloria,
325 1775 470 1836 materno
494 1771 622 1835 laudem
645 1793 718 1835 cum
741 1770 873 1835 crimine
895 1776 1026 1859 pensat3
1157 1797 1189 1846 11

174 1858 270 1923 Pavit
291 1856 400 1923 Iuleos
422 1859 527 1924 inviso
551 1859 708 1945 sangiune
730 1881 841 1924 manes

174 1947 360 2033 AugustuS,
383 1948 439 2011 sed
461 1948 544 2013 falsa
566 1948 612 2031 pii
635 1947 805 2030 praeconia
829 1948 968 2032 sumpsit

175 2035 215 2100 In
237 2036 362 2099 luctum
384 2036 508 2118 patriae
532 2036 618 2100 civili
642 2041 751 2122 strage
773 2041 959 2120 parentans:

176 2123 222 2187 At
246 2123 307 2186 tibi
331 2145 427 2186 causa
449 2124 552 2206 patris
574 2146 683 2189 rerum
706 2125 878 2190 coniuncta
901 2125 1000 2190 saluti

176 2212 343 2276 Bellorum
366 2211 509 2294 duplicat
532 2212 656 2297 lauruS,
679 2213 844 2298 isdemque
866 2214 1008 2298 tropaeis
1153 2240 1168 2289 1
1195 2254 1196 2281 1

170 2299 315 2365 ¹Reddita
337 2300 472 2365 libertas
496 2300 581 2385 orbi,
604 2300 745 2366 vindicta
767 2303 902 2385 parenti.

244 2387 307 2456 Sed
328 2389 409 2454 mihi
432 2389 497 2454 iam
519 2388 644 2473 pridem
667 2395 797 2474 captum
818 2392 974 2456 Parnasia
996 2391 1158 2464 Maurum

177 2478 293 2544 Pieriis
317 2479 384 2565 egit
407 2478 526 2544 fidibus
551 2479 674 2565 chelys,
697 2502 787 2543 arma
810 2478 965 2545 Getarum

177 2567 290 2651 Nuper
313 2568 399 2652 apud
422 2591 568 2633 socerum
590 2568 714 2651 plectro
739 2567 899 2633 celebrata
922 2569 1052 2635 recenti

175 2655 344 2721 Adventus
366 2679 453 2722 nunc
475 2678 566 2723 sacra
588 2656 638 2721 tui
660 2656 741 2720 libet
764 2656 856 2721 edere
878 2657 982 2722 Musis
1150 2682 1163 2730 1
1190 2698 1196 2725 4

179 2743 342 2826 Graiaque
364 2746 502 2827 patratis
525 2744 657 2811 exordia
681 2767 805 2810 sumere
829 2746 932 2811 bellis,

242 2829 311 2895 Iam
333 2831 510 2898 Pollentini
532 2838 685 2898 tenuatus
707 2834 819 2897 funere
842 2835 946 2919 campi

178 2919 402 3004 Concessaque
425 2922 488 2986 sibi
511 2919 633 3008 (rerum
657 2922 703 2986 sic
726 2921 877 2988 admonet
900 2921 993 3011 usus)

176 3009 275 3094 Luce,
297 3012 348 3072 tot
371 3010 499 3074 amissis
523 3010 619 3074 sociis
642 3014 740 3094 atque
763 3011 914 3076 omnibus
937 3035 1001 3078 une

176 3096 321 3180 Direptis
345 3097 474 3184 opibus,
496 3098 591 3164 Latio
616 3098 775 3164 discedere
796 3100 905 3164 iussus
1146 3124 1180 3172 13

176 3184 292 3261 Hostis
316 3189 348 3248 et
370 3185 508 3251 inmensi
530 3188 697 3252 revolutus
721 3188 859 3252 culmine
882 3189 942 3254 fati

177 3272 283 3357 Turpe
307 3273 424 3338 retexit
446 3275 516 3340 iter.
563 3274 674 3352 Qualis
696 3276 832 3359 piratica
855 3278 983 3364 puppis,

178 3360 265 3435 Quae
289 3362 413 3429 cunctis
436 3362 562 3427 infensa
585 3365 677 3428 fretis
701 3365 920 3450 scelerumque
944 3367 1063 3432 referta

177 3448 309 3513 Divitiis
332 3451 515 3534 multasque
539 3452 594 3517 diu
615 3453 771 3536 populata
795 3455 919 3519 carinas

176 3535 294 3601 Incidit
318 3539 352 3603 in
374 3561 525 3626 magnam
548 3540 810 3625 bellatricemque
833 3543 1192 3630 triremim,12;
