2392 3870
66 179 214 251 (XXVIII.)
234 176 492 233 PANECYRICVS
511 175 560 231 DE
581 175 697 232 SEXTO
712 176 814 232 CONS.
829 176 994 234 HONORII.
1015 178 1075 243 191

60 343 129 420 Qua
152 363 246 406 mons
270 344 339 404 6616
361 344 476 422 patens
499 338 573 404 vivo
598 361 631 403 se
654 339 798 422 perforat
821 362 898 404 arcu

58 430 264 513 Admisitque
286 428 372 492 viam
395 431 501 492 sectae
523 450 581 512 per
603 428 727 491 viscera
746 429 849 514 rupis,

59 520 251 601 Exuperans
275 517 408 580 delubra
430 514 518 580 16616
542 538 684 601 saxoque
706 515 867 581 minantes

57 606 337 692 Appenninigenis
361 606 466 669 cultas
489 604 677 689 pastoribus
700 626 781 669 aras.
809 603 810 607 ’
1024 622 1075 671 666

60 695 144 772 Quin
167 700 199 759 et
224 694 381 759 Clitumni
405 715 512 758 sacras
535 693 714 758 victoribus
737 693 849 771 undas,

59 784 201 848 Candida
225 805 306 866 quae
328 783 433 846 Latiis
456 783 613 866 praebent
636 787 781 846 armenta
803 783 987 869 triumphis,

57 872 170 937 Visere
194 894 270 936 6666
293 871 370 956 fuit3
392 892 452 935 nec
475 875 507 936 te
530 871 685 935 miracula
708 871 810 934 fontis

57 961 281 1046 Praetereunt,
304 960 405 1024 tacito
428 982 528 1044 passu
551 981 647 1042 quem
670 960 698 1023 si
721 959 795 1042 quis
818 959 929 1046 adiret,

56 1050 179 1114 Lentus
203 1053 284 1133 erat3
308 1049 336 1112 si
358 1069 436 1112 6666
458 1048 594 1135 gradum
616 1047 737 1111 maiore
761 1048 902 1134 citasset,
1023 1065 1075 1115 610

60 1137 251 1202 Commixtis
275 1137 420 1201 fervebat
445 1137 552 1221 aquis3
575 1157 711 1219 cumque
735 1136 885 1200 omnibus
909 1158 974 1202 666

58 1225 108 1292 Sit
130 1230 248 1290 natura
270 1225 374 1310 vadis,
399 1225 520 1289 similes
543 1229 580 1289 ut
604 1224 748 1308 corporis
771 1224 874 1288 undas

58 1314 251 1400 Ostendant,
273 1315 353 1378 haec
377 1314 446 1377 6616
469 1335 587 1378 novam
608 1313 764 1377 iactantia
788 1316 910 1378 sortem

57 1402 226 1467 Humanas
249 1406 424 1486 properant
446 1403 568 1466 imitari
590 1402 724 1466 flumina
746 1423 860 1466 mores.

58 1491 152 1555 Celsa
176 1491 290 1555 dehinc
308 1491 457 1575 patulum
475 1495 686 1575 prospectans
704 1488 828 1555 Nomia
847 1511 995 1574 campum
1023 1507 1074 1556 616

56 1580 173 1666 Regali
196 1580 338 1645 calcatur
361 1601 458 1665 equo,
480 1580 610 1663 rarique
633 1579 751 1644 coloris

56 1668 134 1734 Non
156 1669 271 1753 procul
294 1669 397 1733 amnis
421 1669 527 1754 abest,
549 1668 625 1732 urbi
649 1668 704 1751 qui
726 1667 868 1732 nominis
892 1672 1016 1733 auctor:

56 1755 134 1821 llice
158 1758 218 1822 sub
242 1758 340 1821 densa
364 1757 455 1821 611616
478 1760 603 1821 6616166
628 1757 736 1840 opacis

56 1845 146 1910 Inter
168 1850 341 1928 utrumque
363 1846 477 1931 iugum
500 1846 597 1910 tortis
621 1845 821 1909 anfractibus
845 1846 941 1911 albet.

56 1934 135 1999 Inde
159 1934 300 1997 salutato
324 1933 436 1998 libatis
459 1933 622 2017 Thybride
645 1934 788 2018 lymphis
1022 1950 1074 2000 620

56 2022 234 2106 Excipiunt
258 2043 351 2086 66666
375 2044 573 2106 operosaque
596 2023 711 2087 semita
733 2023 835 2088 666116

57 2110 200 2174 Molibus
224 2114 256 2174 ct
279 2110 436 2194 quidquid
457 2115 568 2175 tantae
590 2113 810 2195 praemittitur
832 2112 914 2177 urbi.

124 2197 173 2263 Ac
196 2199 285 2263 velut
309 2199 425 2264 officiis
448 2200 685 2284 trepidantibus
710 2223 766 2265 ora
788 2200 915 2284 puellae

57 2287 120 2371 Spe
139 2288 289 2371 propiore
312 2290 377 2353 1661
400 2293 504 2353 mater
527 2289 691 2354 sollertior
714 2293 808 2354 ornat

56 2373 255 2441 Adveniente
278 2399 376 2460 proco
400 2383 570 2461 vestesque
594 2383 626 2442 et
650 2378 780 2464 cingula
803 2377 901 2440 comit
1023 2391 1075 2442 666

57 2464 158 2548 Saepe
181 2488 279 2530 manu
303 2466 461 2548 viridique
484 2469 638 2552 angustat
660 2465 783 2548 iaspide
806 2467 919 2546 pectus

56 2551 322 2639 Substringitque
346 2575 471 2617 comam
493 2553 629 2639 gemmis
653 2557 685 2616 et
709 2552 792 2616 66116
814 2551 928 2616 monili

57 2641 179 2705 Circuit
204 2646 235 2704 et
259 2641 348 2704 bacis
373 2644 484 2704 onerat
509 2640 720 2705 candentibus
744 2659 850 2703 aures:

55 2729 109 2795 Sic
133 2728 235 2792 666116
258 2728 417 2812 placitura
439 2728 506 2791 tuis
528 2729 688 2814 insignior
711 2728 815 2792 auctis

57 2817 204 2882 Collibus
229 2821 260 2881 61
283 2820 361 2880 nota
384 2816 487 2880 maior
511 2838 544 2880 se
567 2816 671 2880 Roma
694 2816 864 2882 videndam
1023 2833 1074 2884 636

56 2905 193 2970 Obtulit.
239 2904 411 2969 Addebant
434 2905 606 2988 pulchrum
627 2927 712 2970 nova
734 2907 862 2971 moenia
884 2905 1012 2972 vultum

54 2992 177 3058 Audito
201 2994 343 3078 perfecta
366 3012 627 3058 recensrumore
652 2992 815 3080 Ceterum,

55 3082 260 3166 Profecitque
285 3083 393 3167 opifex
417 3082 523 3146 decori
545 3083 652 3169 timor,
676 3083 799 3147 616166
822 3084 913 3169 mira,

57 3170 159 3247 Quam
182 3194 246 3255 pax
267 3172 436 3256 intulerat,
459 3172 546 3236 bello
571 3172 715 3256 discussa
739 3176 886 3237 senectus

54 3260 169 3323 Erexit
193 3260 317 3325 subitas
341 3265 447 3324 turres
471 3264 669 3345 cunctosque
693 3261 799 3348 coegit
1021 3274 1073 3324 636

55 3347 186 3431 Septem
209 3350 362 3414 continuo
387 3349 486 3414 colles
508 3350 712 3414 iuvenescere
734 3371 836 3414 muro.

54 3436 128 3520 1666
151 3438 263 3502 favens
285 3439 371 3502 66116
395 3438 557 3521 solitoque
580 3437 742 3502 decentior
765 3460 828 3523 aer,

56 3524 208 3602 Quamvis
233 3526 366 3591 adsiduo
388 3529 518 3592 noctem
540 3526 724 3590 foedaverat
746 3527 859 3612 imbre,
