2392 3870
90 185 157 250 294
218 203 231 215 “
424 183 571 240 (1111111Β11
590 182 789 239 convolant

89 349 178 413 Dant
201 348 352 412 tenebrae
374 368 548 430 manesque
571 347 679 411 locum
701 346 885 430 plantisque
909 347 1073 414 resultant

89 436 225 501 Tartara
247 437 390 521 senatis,
413 435 513 500 donec
535 434 783 522 Phlegethontis
806 435 847 499 ad
869 436 989 501 undam
1056 455 1109 505 390

92 525 247 590 Constitit
270 529 302 589 et
324 525 438 609 plenos
461 524 586 608 excepit
609 524 755 607 lampade
778 524 905 590 fluctus.

156 613 334 696 Postquam
356 617 546 696 perventum
570 612 694 696 scopuli
717 612 886 698 flagrantis
909 613 945 678 in
968 636 1042 701 ora,

89 701 243 766 Protinus
267 723 397 765 arsuras
420 723 532 766 111111
555 701 662 766 fronte
685 722 855 785 cupressus

88 789 250 854 Faucibus
272 789 384 854 iniecit
406 790 521 854 mediis
542 790 672 873 lateque
695 812 846 854 cavernas
920 841 921 846 1

90 878 184 943 Texit
208 882 240 942 et
262 878 437 943 undantem
460 879 663 943 flammarum
686 878 849 942 obstruxit
871 878 1008 947 hiatum.
1053 898 1107 948 391

90 967 282 1050 Compresso
305 989 399 1032 mons
422 967 497 1055 igne
520 972 614 1032 tonat
637 967 828 1050 claususque
851 967 979 1032 laborat

88 1054 260 1121 Mulciber:
284 1056 416 1121 obducti
437 1061 602 1140 nequeunt
625 1055 710 1120 exire
733 1077 877 1139 vapores.

90 1145 232 1209 Coniferi
255 1144 394 1210 micuere
417 1146 524 1229 apices
548 1145 710 1227 crevitque
733 1144 855 1209 favillis

88 1234 195 1297 Aetna
216 1234 311 1298 novis
335 1234 536 1319 striduntque
559 1233 699 1298 admisso
724 1233 878 1317 sulphure
901 1233 991 1298 rami.

89 1322 185 1408 Tum,
207 1343 248 1387 ne
272 1322 442 1387 deficerent
465 1323 566 1388 tantis
589 1321 774 1406 erroribus„
788 1321 881 1408 ignea
1053 1340 1108 1389 too

89 1410 222 1495 Semper
244 1411 430 1476 inocciduos
453 1411 676 1495 insopitosque
698 1432 826 1474 manere

87 1497 188 1564 Iussit
212 1503 244 1564 et
268 1521 385 1564 arcano
408 1500 551 1584 perfudit
574 1499 692 1564 robora
715 1520 806 1584 succ,

89 1586 160 1663 Quo
182 1587 353 1654 Phaethon
375 1589 500 1653 inrorat
523 1610 637 1673 equos,
660 1610 724 1671 quo
746 1587 839 1651 Luna
861 1587 1024 1653 iuvencos.

154 1674 288 1761 Iamque
312 1678 509 1761 soporiferas
530 1682 689 1741 nocturna
712 1676 841 1740 silentia
863 1675 959 1741 terris

86 1763 280 1848 Explicuere
302 1767 402 1831 vices:
425 1767 547 1830 laniato
569 1769 699 1850 pectore
721 1765 837 1851 longas
1053 1783 1107 1832 405

86 1851 223 1918 Inchoat
245 1854 303 1918 1111
326 1855 395 1919 vias
418 1860 450 1919 et
474 1855 520 1919 sic
541 1854 687 1942 ingressa
709 1855 870 1937 profatur:

155 1941 243 2008 ‘Non
265 1944 348 2007 tales
371 1947 498 2029 gestare
520 1943 596 2029 tibi,
618 1942 826 2028 Proserpina,
848 1941 959 2006 taedas

89 2029 278 2115 Sperabam3
302 2031 358 2093 sed
380 2036 457 2095 vota
479 2031 561 2095 mihi
584 2031 766 2097 communia
788 2034 928 2095 matrum

87 2117 132 2181 Et
155 2117 291 2181 thalami
314 2119 478 2200 festaeque
502 2120 588 2183 faces
612 2120 764 2203 caeloque
787 2119 947 2183 canendus

86 2205 173 2271 Ante
197 2205 308 2270 oculos
330 2206 527 2289 hymenaeus
551 2212 627 2271 erat.
666 2206 719 2271 Sic
740 2207 873 2272 numina
895 2207 972 2271 fatis
1050 2225 1104 2274 410

86 2293 259 2359 Volvimur
282 2298 314 2359 et
336 2294 428 2359 nullo
451 2295 604 2359 Lachesis
628 2295 811 2361 discrimine
835 2296 960 2360 saevit?

88 2383 192 2460 Quam
213 2407 317 2468 nuper
340 2383 488 2448 sublimis
512 2406 600 2448 eram
623 2385 816 2468 quantisque
841 2406 1015 2469 procorum

89 2473 250 2560 Oingebar
273 2473 403 2539 studiis!
441 2472 528 2549 Quae
550 2495 618 2537 101
639 2473 719 2538 mihi
742 2474 860 2560 pignus
885 2474 926 2538 ob
949 2496 1052 2538 unum

88 2561 229 2627 Cedebat
251 2585 423 2628 numerosa
444 2565 574 2646 parens!
610 2561 661 2626 Tu
683 2561 787 2646 prima
809 2562 973 2648 voluptas,

87 2650 136 2714 Tu
159 2654 324 2734 postrema
346 2652 440 2737 mihi3
462 2674 520 2735 per
542 2655 575 2716 te
598 2651 733 2715 fecunda
754 2650 887 2715 ferebar.
1050 2667 1104 2716 415

87 2736 114 2801 Ο
139 2738 249 2824 decus,
273 2762 291 2803 o
315 2739 455 2825 requies,
479 2762 497 2804 0
521 2743 615 2826 grata
638 2739 788 2822 superbia
811 2739 938 2825 matris,

88 2824 158 2901 Qua
181 2827 268 2912 gessi
291 2828 427 2893 florente
450 2829 555 2914 deam,
579 2850 643 2912 qua
666 2827 787 2911 sospite
809 2849 987 2912 numquam

86 2912 225 2979 Inferior
247 2913 370 2981 lunone
393 2916 454 2981 fui:
476 2939 563 2981 nunc
586 2916 746 3001 squalida,
768 2915 851 2981 vilis.

86 3002 160 3067 Hoc
181 3004 339 3086 placitum
360 3006 455 3089 patri.
493 3005 559 3069 Cur
581 3009 689 3069 autem
711 3004 924 3069 adscribimus
946 3005 1042 3070 illum

87 3089 149 3154 His
171 3091 336 3157 lacrimis?
372 3094 445 3180 Ego
468 3097 515 3180 te,
538 3094 658 3178 fateor,
681 3093 818 3158 crudelis
841 3093 959 3179 ademi,
1050 3112 1105 3160 420

88 3177 176 3254 Quae
199 3183 231 3242 te
256 3181 380 3245 deserui
404 3183 569 3265 solamque
592 3182 790 3246 instantibus
813 3182 901 3246 ultro

86 3266 247 3330 Hostibus
270 3269 412 3350 exposui.
449 3270 569 3334 Raucis
593 3292 704 3334 secura
726 3271 857 3335 fruebar

86 3355 250 3421 Nimirum
273 3355 388 3420 thiasis
412 3361 443 3422 et
466 3358 551 3421 laeta
575 3357 766 3423 sonantibus
790 3360 888 3424 armis

158 3555 209 3602 399
230 3547 417 3621 stridentque]
437 3550 563 3620 Birtius;
581 3541 710 3606 strident.
