2392 3870
139 179 183 244 20
464 175 609 231 calvou
628 176 834 232 curvamur

138 340 279 406 Distulit
301 340 460 403 instantes
484 339 574 403 eluso
596 338 741 423 principe
764 361 890 426 pugnas
1106 360 1158 411 320

139 430 311 494 Hunorum
333 429 460 493 laturus
484 449 591 513 opem,
614 449 695 510 quos
719 427 828 492 adfore
851 428 938 492 bello

141 516 248 582 Norat
271 520 303 580 et
326 516 439 581 invisis
463 537 539 579 mox
562 537 596 579 se
620 515 813 602 coniungere
836 516 960 581 castris.

206 606 268 669 Est
292 627 393 690 genus
417 608 578 668 extremos
602 602 754 688 Scythiae
775 604 939 690 vergentis
962 605 998 669 in
1021 610 1113 671 ortus

141 692 245 757 Trans
268 693 411 779 gelidum
433 692 575 778 Tanain,
598 714 663 775 quo
685 714 753 757 non
775 693 930 757 famosius
954 693 1060 758 ullum

139 781 258 846 Arctos
282 781 349 846 alit.
394 780 518 865 Turpes
541 780 674 844 habitus
698 780 919 864 obscaenaque
941 782 1014 847 visu
1094 801 1158 852 ,333

142 869 299 954 Corpora3
322 891 412 934 mens
437 869 516 933 duro
539 891 716 951 numquam
740 890 868 934 cessura
890 870 1009 956 labori,

140 958 263 1023 Praeda
287 957 391 1043 cibus,
414 957 545 1023 vitanda
569 956 665 1022 Ceres
687 958 891 1042 frontemque
914 960 1017 1023 secari

139 1048 249 1111 Ludus
273 1051 305 1110 et
329 1046 452 1110 occisos
474 1046 646 1130 pulchrum
668 1045 774 1110 iurare
796 1051 955 1130 parentes.

139 1134 209 1200 Nec
231 1135 304 1218 plus
327 1135 507 1221 nubigenas
532 1135 650 1218 duplex
671 1138 788 1199 natura
811 1134 966 1199 biformes

142 1222 298 1309 cognatis
321 1223 445 1307 aptavit
469 1223 573 1308 equis3
597 1222 752 1288 acerrima
774 1222 865 1287 nullo
1105 1244 1156 1291 333

140 1311 259 1376 Ordine
281 1311 448 1376 mobilitas
470 1311 690 1395 insperatique
712 1333 870 1376 recursus.

207 1400 295 1476 Quos
318 1405 428 1466 tamen
449 1399 630 1484 impavidus
654 1404 767 1465 contra
790 1398 970 1484 spumantis
994 1401 1036 1464 ad
1053 1401 1155 1466 Hebri

139 1488 257 1553 Tendis
280 1511 395 1575 aquas,
418 1489 465 1552 sic
487 1492 562 1552 ante
584 1489 681 1552 tubas
704 1489 868 1572 aciemque
890 1492 1054 1572 precatus:

140 1577 300 1663 ‘Mavors
322 1577 471 1642 nubifero
496 1599 553 1641 seu
574 1581 612 1641 tu
634 1576 822 1661 procumbis
844 1575 879 1641 in
901 1575 1026 1654 Haemo

139 1664 203 1729 Seu
226 1669 259 1729 te
282 1687 361 1729 cana
384 1665 459 1751 gelu
481 1665 639 1749 Rhodope
662 1686 720 1729 seu
742 1665 863 1750 remige
884 1662 979 1729 Medo
1105 1685 1154 1732 335

140 1750 342 1817 Sollicitatus
365 1752 472 1818 Athos
496 1776 553 1818 seu
576 1753 751 1839 caligantia
771 1752 875 1840 nigris

138 1839 272 1904 Ilicibus
295 1839 445 1927 Pangaea
467 1845 592 1928 tenent,
615 1841 781 1928 accingere
803 1862 928 1906 mecum

139 1929 184 1992 Et
207 1929 348 1994 Thracas
372 1929 504 1994 defende
526 1935 610 1995 tuos.
656 1928 692 1994 Si
714 1930 831 1995 laetior
852 1929 936 1993 adsit

142 2015 267 2102 Gloria,
290 2017 408 2081 vestita
433 2018 545 2102 spoliis
570 2018 730 2083 donabere
754 2016 896 2102 quercu'.

206 2104 320 2169 Audiit
342 2105 400 2170 illa
422 2111 514 2191 pater
537 2107 743 2191 scopulisque
765 2105 926 2171 nivalibus
949 2104 1067 2172 Haemi
1104 2127 1153 2174 343

141 2191 252 2280 Surgit
276 2199 308 2258 et
331 2194 481 2259 hortatur
505 2196 622 2260 celeres
646 2196 785 2260 clamore
808 2193 987 2259 ministros:

142 2281 219 2346 ‘Fer
242 2283 382 2369 galeam,
403 2283 553 2369 Bellona,
575 2283 656 2348 mihi
678 2305 844 2367 nexusque
867 2286 1013 2348 rotarum

140 2369 260 2457 Tende,
283 2372 396 2437 Pavor.
441 2371 559 2436 Frenet
582 2371 712 2455 rapidos
734 2371 886 2436 Formido
909 2371 1044 2457 iugales.

139 2457 288 2525 Festinus
311 2464 424 2547 urgete
447 2482 570 2526 manus
616 2460 709 2526 Meus
732 2482 803 2524 ecce
825 2462 958 2544 paratur

139 2545 192 2610 Ad
214 2549 336 2613 bellum
360 2548 511 2634 Stilicho,
534 2548 590 2632 qui
613 2570 664 2612 me
688 2549 725 2612 de
748 2569 837 2612 more
860 2547 1003 2631 tropaeis
1104 2568 1152 2618 345

139 2633 232 2699 Ditat
256 2641 288 2700 et
310 2637 447 2702 hostiles
471 2636 638 2720 suspendit
660 2637 696 2701 in
718 2636 833 2700 arbore
857 2635 979 2702 oristas.

140 2721 333 2789 Communes
357 2747 482 2809 semper
503 2724 591 2811 litui,
615 2724 796 2789 communia
818 2723 913 2788 nobis

139 2809 241 2896 Signa
264 2817 383 2877 canunt
405 2813 580 2898 iunctoque
604 2835 722 2897 sequor
744 2811 885 2877 tentoria
908 2815 1030 2878 curru'.

140 2897 195 2964 Sic
216 2901 304 2964 fatus
329 2923 440 2985 campo
464 2902 590 2966 insiluit
613 2902 742 2985 lateque
765 2901 894 2986 fugatas

137 2985 224 3050 Hinc
248 2987 384 3053 Stilicho
407 2993 545 3076 trnmas,
567 2989 657 3054 illinc
681 2989 839 3055 Gradivus
862 2988 980 3074 agebat
1104 3008 1151 3058 sto

137 3073 183 3139 nt
207 3076 317 3159 clipeis
341 3081 373 3141 et
396 3078 481 3142 mole
503 3100 610 3164 pares3
634 3082 700 3142 stat
723 3077 823 3142 cassis
845 3076 976 3159 utrique

138 3161 277 3229 Sidereis
300 3165 426 3231 hirsuta
448 3166 534 3230 iubis
557 3167 720 3250 loricaque
744 3187 840 3231 cursu
1048 3242 1052 3248 1

137 3249 276 3316 Aestuat
300 3257 331 3317 ct
354 3255 446 3341 largo
470 3258 635 3319 saturatur
657 3255 789 3320 vulnere
812 3274 938 3317 cornus.

204 3339 320 3406 Acrior
342 3342 465 3408 interea
486 3347 564 3406 voto
587 3343 763 3426 multisque
786 3341 937 3428 Megaera

137 3428 315 3494 Luxuriata
338 3432 433 3496 malis
456 3435 612 3496 maestam
636 3431 802 3516 deprendit
825 3429 860 3494 in
882 3451 955 3493 arce
1100 3449 1147 3499 333

136 3514 300 3584 Iustitiam
321 3515 456 3603 diroque
478 3518 568 3603 prior
590 3520 637 3585 sic
660 3543 714 3584 ore
737 3518 879 3584 lacessit:
