2392 3870
118 946 378 1019 CARMINVM
405 945 633 1018 MINORVM
660 946 723 1018 ET
751 945 1066 1018 PRIVATORVM

121 1069 467 1176 CORPVSCVLVM
494 1069 757 1142 MAIORIBVS
785 1069 1065 1142 NONNVLLIS

277 1192 572 1266 CARMINIBVS
600 1192 906 1266 DISTINCTVM.

520 1399 542 1454 1.
562 1380 662 1470 (xiuss)

412 1533 467 1591 AD
492 1531 773 1592 STILICHONEM.

247 1651 366 1716 Solitas
390 1652 482 1738 galea
504 1651 629 1737 fulgere
653 1673 773 1736 comas,

245 1740 395 1825 Stilicho,
418 1739 511 1804 molli
532 1743 624 1804 necte
648 1761 773 1804 corona.

246 1829 377 1893 Cessent
400 1829 475 1892 litui
498 1850 691 1912 saevumque
713 1829 827 1913 procul
918 1855 921 1861 ¹

244 1918 382 1982 Martem
404 1917 483 1981 felix
506 1917 598 1981 taeda
620 1917 750 2004 releget.

244 2006 380 2070 Tractus
403 2006 443 2069 ab
468 2006 541 2070 aula
556 2002 676 2070 'nnsus
698 2006 733 2070 in
755 2007 862 2071 aulam
1081 2024 1098 2072 5

244 2096 366 2160 Redeat
389 2095 529 2181 sanguis.
566 2094 673 2159 Patris
697 2096 813 2160 officiis

244 2183 345 2272 Iunge
368 2184 495 2268 potenti
517 2184 655 2271 pignora
678 2185 798 2250 dextra.

244 2273 348 2338 Gener
370 2272 513 2359 Augusti
535 2273 660 2356 pridem
682 2273 803 2358 fueras,

242 2362 338 2427 Nunc
361 2385 473 2447 narsus
497 2362 559 2425 eris
584 2383 674 2425 socer
696 2360 846 2447 Augusti.

244 2450 332 2526 Quae
354 2450 419 2513 iarn
441 2450 546 2513 rabies
569 2449 681 2514 liuoris
704 2449 786 2513 erit?
997 2512 1001 2522 ,
1065 2467 1099 2516 10

171 2533 174 2538 ’
242 2538 305 2601 Vel
328 2538 401 2621 quis
425 2537 554 2601 dabitur
577 2538 666 2603 color
688 2537 847 2601 invidiae?

244 2624 381 2689 Stilicho
405 2648 495 2689 socer
518 2633 580 2711 est,
602 2631 694 2709 pater
717 2631 766 2690 est
790 2625 936 2690 Stilicho,

480 2853 514 2908 n.
536 2851 697 2923 (uxxxu)

239 2983 476 3044 DESCRIPTIO
500 2983 654 3044 PORTVS
679 2983 940 3044 sMYRNuNSIS.
986 2977 988 2980 ’

83 3105 171 3168 Vrbs
194 3103 229 3169 in
252 3107 425 3188 conspectu
447 3108 601 3168 montana
624 3103 788 3167 cacumina
810 3103 896 3169 velat

84 3192 274 3276 Tranquillo
298 3197 465 3276 praetenta
487 3193 577 3257 mari.
613 3192 773 3257 Ducentia
795 3197 926 3276 portum

84 3282 212 3346 Cornua
235 3285 366 3366 pacatas
389 3286 554 3347 removent
576 3279 794 3364 Aquilonibus
817 3281 950 3369 undas„

82 3371 145 3435 Hic
168 3374 368 3435 exarmatum
390 3371 485 3435 terris
509 3369 713 3456 cingentibus
736 3391 855 3453 aequor

85 3460 254 3524 Clauditur
276 3464 308 3522 et
330 3459 490 3543 placidam
513 3458 608 3523 discit
631 3480 756 3523 servare
780 3458 930 3542 quietem.
1081 3476 1099 3522 s
