2392 3870
374 850 749 936 PRAEFATIO.

32 1118 36 1148 ³
145 1121 271 1186 Claudii
300 1121 468 1186 Claudiam
499 1127 627 1209 poetae,
660 1123 750 1188 cuius
779 1124 920 1189 carmina
947 1125 1073 1188 Birtius
1178 1184 1184 1196 ,

32 1207 156 1294 {nuper
187 1211 223 1274 in
253 1210 340 1274 Mon.
370 1209 474 1276 Germ.
502 1210 587 1276 Hist.
615 1216 698 1276 auct.
729 1216 793 1277 ant.
826 1217 916 1277 tomo
949 1213 1071 1277 decimo

33 1302 138 1403 {anno
161 1297 401 1364 MDOOOXOII
424 1300 541 1364 emisso
565 1322 602 1364 ea
625 1300 711 1363 mole
733 1301 907 1385 recensuit,
929 1304 966 1363 ut
990 1323 1074 1364 com·

57 1394 167 1469 parare
187 1388 250 1451 sibi
268 1392 396 1452 tantum
414 1389 536 1452 librum
554 1393 610 1452 aut
628 1392 762 1471 possent
781 1391 837 1451 aut
857 1389 978 1452 vellent
997 1411 1074 1472 pau-

40 1475 166 1561 ³ciores,
185 1476 358 1540 editionem
376 1477 544 1561 minorem,
563 1476 638 1559 quia
657 1475 727 1559 ipse
745 1476 794 1540 vir
813 1476 962 1578 egregius
982 1498 1074 1560 repu-

59 1563 164 1649 diavit,
191 1587 251 1651 ego
271 1565 398 1648 suscepi
420 1566 461 1629 ab
485 1564 588 1648 ipsius
613 1563 782 1649 disciplina
806 1565 884 1629 ohm
906 1565 1071 1649 profectus

44 1653 175 1735 .quique
197 1652 233 1716 in
256 1653 372 1717 studiis
394 1653 445 1717 his
465 1675 503 1717 eo
528 1653 606 1717 duce
630 1657 681 1717 sat
703 1653 842 1718 multum
866 1677 981 1738 operae
1000 1677 1073 1719 con-

59 1739 196 1805 locarim.
241 1739 355 1825 Itaque
382 1746 510 1806 tantum
538 1742 643 1826 abest,
673 1750 709 1805 ut
735 1742 785 1806 illi
813 1765 917 1807 meam
941 1765 1071 1827 operam

60 1848 217 1912 opponere
241 1834 272 1893 et
296 1852 369 1894 cum
388 1852 425 1894 eo
445 1831 479 1894 in
502 1834 664 1894 certamen
685 1831 732 1894 ire
755 1832 861 1916 velim,
884 1836 921 1895 ut
945 1831 979 1895 in
1002 1854 1073 1918 gra·

45 1908 195 1980 ¹vissimis
226 1917 336 2001 potius
363 1941 436 1982 eum
465 1924 594 1983 secutus
622 1919 683 1983 sim
710 1923 808 2002 atque
840 1919 874 1983 in
905 1919 967 1983 hoc
999 1921 1072 2004 ipso

45 1998 165 2069 flabore
193 2006 338 2070 consiliis
365 2007 434 2070 eius
461 2007 511 2071 uti
538 2007 625 2071 haud
652 2029 724 2070 raro
752 2007 833 2071 mihi
864 2007 1006 2093 licuerit,
1039 2008 1072 2071 id

46 2094 141 2174 *quod
159 2098 254 2180 grato
272 2095 380 2159 animo
395 2096 560 2161 confiteor.
592 2095 675 2160 Sunt
689 2099 798 2159 tamen
812 2095 930 2179 quibus
945 2097 1071 2160 differat

42 2178 132 2245 haec
163 2205 263 2266 parva
292 2183 435 2247 recensio
465 2184 506 2247 ab
534 2185 674 2268 maxima
700 2184 766 2248 illa.
814 2183 863 2247 De
891 2183 1009 2267 quibus
1038 2185 1072 2248 in

34 2269 210 2376 §proicimis
233 2292 399 2355 exponam.

142 2358 364 2443 Manuscripta
387 2359 501 2423 iisdem
524 2360 616 2446 siglis
639 2360 779 2424 indicavi
802 2359 920 2443 quibus
939 2360 1071 2424 Birtius.

33 2388 166 2521 l'ffNovos
188 2447 292 2511 libros
316 2447 383 2512 sive
406 2449 456 2512 illi
478 2448 585 2512 minus
605 2448 754 2535 cognitos
771 2470 839 2513 non
857 2449 990 2512 adhibui
1007 2448 1072 2513 nisi

57 2532 134 2598 duos
167 2535 208 2598 ad
240 2535 430 2601 deteriorem
461 2539 594 2622 gregem
629 2539 725 2621 plane
756 2537 997 2623 adgregandos,
1033 2537 1072 2600 de

57 2622 173 2704 quibus
197 2624 339 2688 breviter
361 2625 505 2689 referam.
514 2623 539 2710 1)

44 2760 47 2765 ,
144 2711 179 2797 1)
200 2711 284 2777 Cod.
298 2712 552 2778 Rodomensis
568 2715 655 2778 1040
675 2713 767 2777 saecl.
777 2711 865 2776 XIII.
891 2712 1071 2797 Descripsit

57 2802 85 2862 et
108 2800 238 2864 saeculo
256 2799 321 2864 XII
348 2802 465 2865 tribuit
493 2800 613 2865 Omont
641 2800 675 2865 in
703 2801 843 2887 catalogi
867 2823 943 2865 mss.
966 2801 1072 2865 Roda

57 2888 212 2952 mensium
231 2887 346 2953 tomol
360 2913 390 2974 p.
402 2888 508 2976 261²)
540 2887 614 2973 Ipse
629 2895 773 2973 exparte
788 2891 919 2954 contuli.
954 2888 1073 2973 Incipit

56 2973 181 3041 infolio
192 2977 260 3042 55r.
280 2978 339 3042 col.
353 2980 385 3042 1:
405 2978 551 3060 Prcfucc'o
565 2980 600 3042 ia
615 2978 729 3043 labrum
745 2978 875 3043 Claudii
888 2977 1072 3043 Claudium.

125 3175 171 3256 ‘1)
204 3186 247 3240 Ex
280 3186 405 3256 antiquis
436 3186 674 3241 bibliothecarum
710 3185 848 3254 catalogis
881 3187 1072 3255 exemplorum

75 3255 204 3313 laudiani
222 3259 373 3312 memorias
392 3274 482 3326 nuper
500 3257 617 3327 collegit
635 3256 771 3310 Manitius
790 3255 820 3309 in
836 3255 928 3311 Musei
942 3258 1072 3311 Rhenaui

54 3326 129 3382 tomo
148 3327 251 3391 XLVII
270 3345 295 3384 a.
310 3327 505 3383 MDCOCXOII
524 3328 615 3398 suppl.
634 3345 661 3396 p.
678 3333 729 3381 103
738 3344 797 3395 sqq.

45 3432 49 3459 2
142 3400 170 3469 2)
192 3398 359 3469 ‘Catalogue
381 3399 498 3469 general
523 3399 571 3455 des
594 3397 769 3456 manuscrits
792 3397 845 3454 dos
864 3397 1093 3465 bibliobbeuucs

45 3464 203 3540 §publiquas
220 3469 254 3522 da
271 3469 392 3526 France'
412 3473 490 3528 tome
511 3472 649 3545 premier.

848 3565 891 3620 a*
