<?xml version="1.0" encoding="UTF-8"?>
<!DOCTYPE html PUBLIC "-//W3C//DTD XHTML 1.0 Transitional//EN"
    "http://www.w3.org/TR/xhtml1/DTD/xhtml1-transitional.dtd">
<html xmlns="http://www.w3.org/1999/xhtml" xml:lang="en" lang="en">
 <head>
  <title>
</title>
<meta http-equiv="Content-Type" content="text/html;charset=utf-8" />
  <meta name='ocr-system' content='tesseract 3.04.00' />
  <meta name='ocr-capabilities' content='ocr_page ocr_carea ocr_par ocr_line ocrx_word'/>
</head>
<body>
  <div class='ocr_page' id='page_1' title='image "./claudiiclaudian03claugoog_0193.png"; bbox 0 0 2392 3870; ppageno 0'>
   <div class='ocr_carea' id='block_1_1' title="bbox 123 145 813 214">
    <p class='ocr_par' dir='ltr' id='par_1_1' title="bbox 123 145 813 214">
     <span class='ocr_line' id='line_1_1' title="bbox 123 145 813 214; baseline -0.019 -2"><span class='ocrx_word' id='word_1_1' title='bbox 123 149 186 214; x_wconf 79' lang='lat'>122</span> <span class='ocrx_word' id='word_1_2' title='bbox 437 145 595 202; x_wconf 82' lang='lat' dir='ltr'>-OLAVDII</span> <span class='ocrx_word' id='word_1_3' title='bbox 613 145 813 201; x_wconf 81' lang='lat' dir='ltr'>CLAVDIANI</span> 
     </span>
    </p>
   </div>
   <div class='ocr_carea' id='block_1_2' title="bbox 119 308 1137 752">
    <p class='ocr_par' dir='ltr' id='par_1_2' title="bbox 120 308 1137 484">
     <span class='ocr_line' id='line_1_2' title="bbox 120 308 1137 395; baseline 0 -19"><span class='ocrx_word' id='word_1_4' title='bbox 120 311 208 388; x_wconf 85' lang='lat' dir='ltr'>Quae</span> <span class='ocrx_word' id='word_1_5' title='bbox 230 315 309 376; x_wconf 90' lang='lat' dir='ltr'>nota</span> <span class='ocrx_word' id='word_1_6' title='bbox 331 310 528 395; x_wconf 83' lang='lat' dir='ltr'>nimborum3</span> <span class='ocrx_word' id='word_1_7' title='bbox 552 331 634 392; x_wconf 92' lang='lat' dir='ltr'>quae</span> <span class='ocrx_word' id='word_1_8' title='bbox 656 309 745 374; x_wconf 86' lang='lat' dir='ltr'>fraus</span> <span class='ocrx_word' id='word_1_9' title='bbox 769 308 869 374; x_wconf 90' lang='lat' dir='ltr'>infida</span> <span class='ocrx_word' id='word_1_10' title='bbox 892 308 1010 393; x_wconf 82' lang='lat' dir='ltr'>sereni3</span> <span class='ocrx_word' id='word_1_11' title='bbox 1084 326 1137 376; x_wconf 77' lang='lat'>425</span> 
     </span>
     <span class='ocr_line' id='line_1_3' title="bbox 120 397 943 484; baseline -0.004 -19"><span class='ocrx_word' id='word_1_12' title='bbox 120 400 204 476; x_wconf 82' lang='lat' dir='ltr'>Quid</span> <span class='ocrx_word' id='word_1_13' title='bbox 227 400 277 464; x_wconf 88' lang='lat' dir='ltr'>sol</span> <span class='ocrx_word' id='word_1_14' title='bbox 300 398 452 464; x_wconf 88' lang='lat' dir='ltr'>occiduus</span> <span class='ocrx_word' id='word_1_15' title='bbox 474 398 603 484; x_wconf 82' lang='lat' dir='ltr'>prodat3</span> <span class='ocrx_word' id='word_1_16' title='bbox 627 420 691 482; x_wconf 90' lang='lat' dir='ltr'>quo</span> <span class='ocrx_word' id='word_1_17' title='bbox 716 397 824 461; x_wconf 88' lang='lat' dir='ltr'>saucia</span> <span class='ocrx_word' id='word_1_18' title='bbox 846 401 943 462; x_wconf 88' lang='lat' dir='ltr'>vento</span> 
     </span>
    </p>

    <p class='ocr_par' dir='ltr' id='par_1_3' title="bbox 119 486 843 570">
     <span class='ocr_line' id='line_1_4' title="bbox 119 486 843 570; baseline -0.004 -17"><span class='ocrx_word' id='word_1_19' title='bbox 119 488 260 553; x_wconf 77' lang='lat' dir='ltr'>Decolor</span> <span class='ocrx_word' id='word_1_20' title='bbox 281 488 383 552; x_wconf 90' lang='lat' dir='ltr'>iratos</span> <span class='ocrx_word' id='word_1_21' title='bbox 406 487 537 553; x_wconf 87' lang='lat' dir='ltr'>attollat</span> <span class='ocrx_word' id='word_1_22' title='bbox 562 486 703 570; x_wconf 80' lang='lat' dir='ltr'>Cynthia</span> <span class='ocrx_word' id='word_1_23' title='bbox 725 486 843 552; x_wconf 88' lang='lat' dir='ltr'>vultus.</span> 
     </span>
    </p>

    <p class='ocr_par' dir='ltr' id='par_1_4' title="bbox 119 573 1137 752">
     <span class='ocr_line' id='line_1_5' title="bbox 119 573 1137 662; baseline 0 -21"><span class='ocrx_word' id='word_1_24' title='bbox 119 576 259 661; x_wconf 82' lang='lat' dir='ltr'>Adspice</span> <span class='ocrx_word' id='word_1_25' title='bbox 279 599 378 662; x_wconf 88' lang='lat' dir='ltr'>nunc,</span> <span class='ocrx_word' id='word_1_26' title='bbox 402 597 603 661; x_wconf 86' lang='lat' dir='ltr'>quacumque</span> <span class='ocrx_word' id='word_1_27' title='bbox 625 576 739 660; x_wconf 84' lang='lat' dir='ltr'>micas,</span> <span class='ocrx_word' id='word_1_28' title='bbox 763 597 820 639; x_wconf 91' lang='lat' dir='ltr'>seu</span> <span class='ocrx_word' id='word_1_29' title='bbox 843 575 982 642; x_wconf 88' lang='lat' dir='ltr'>circulus</span> <span class='ocrx_word' id='word_1_30' title='bbox 1007 573 1137 661; x_wconf 82' lang='lat' dir='ltr'><strong>Austri,</strong></span> 
     </span>
     <span class='ocr_line' id='line_1_6' title="bbox 120 663 986 752; baseline -0.003 -22"><span class='ocrx_word' id='word_1_31' title='bbox 120 666 238 752; x_wconf 81' lang='lat' dir='ltr'>Magne</span> <span class='ocrx_word' id='word_1_32' title='bbox 261 687 390 751; x_wconf 83' lang='lat' dir='ltr'>parens,</span> <span class='ocrx_word' id='word_1_33' title='bbox 413 665 512 752; x_wconf 84' lang='lat' dir='ltr'>gelidi</span> <span class='ocrx_word' id='word_1_34' title='bbox 536 686 593 729; x_wconf 91' lang='lat' dir='ltr'>seu</span> <span class='ocrx_word' id='word_1_35' title='bbox 615 668 648 729; x_wconf 91' lang='lat' dir='ltr'>te</span> <span class='ocrx_word' id='word_1_36' title='bbox 670 686 814 729; x_wconf 90' lang='lat' dir='ltr'>meruere</span> <span class='ocrx_word' id='word_1_37' title='bbox 837 663 986 749; x_wconf 83' lang='lat' dir='ltr'>Triones,</span> 
     </span>
    </p>
   </div>
   <div class='ocr_carea' id='block_1_3' title="bbox 118 751 1137 3226">
    <p class='ocr_par' dir='ltr' id='par_1_5' title="bbox 118 751 1137 1547">
     <span class='ocr_line' id='line_1_7' title="bbox 120 751 1137 839; baseline 0.004 -21"><span class='ocrx_word' id='word_1_38' title='bbox 120 753 274 839; x_wconf 83' lang='lat' dir='ltr'>Adspice:</span> <span class='ocrx_word' id='word_1_39' title='bbox 299 753 478 838; x_wconf 88' lang='lat' dir='ltr'>completur</span> <span class='ocrx_word' id='word_1_40' title='bbox 500 757 621 819; x_wconf 89' lang='lat' dir='ltr'>votum.</span> <span class='ocrx_word' id='word_1_41' title='bbox 667 751 737 818; x_wconf 93' lang='lat' dir='ltr'>Iam</span> <span class='ocrx_word' id='word_1_42' title='bbox 758 756 855 819; x_wconf 89' lang='lat' dir='ltr'>natus</span> <span class='ocrx_word' id='word_1_43' title='bbox 879 753 1037 837; x_wconf 87' lang='lat' dir='ltr'>adaequat</span> <span class='ocrx_word' id='word_1_44' title='bbox 1083 772 1137 821; x_wconf 85' lang='grc'><strong>430</strong></span> 
     </span>
     <span class='ocr_line' id='line_1_8' title="bbox 120 842 994 929; baseline -0.002 -22"><span class='ocrx_word' id='word_1_45' title='bbox 120 842 165 907; x_wconf 75' lang='lat' dir='ltr'>&#39;l&#39;e</span> <span class='ocrx_word' id='word_1_46' title='bbox 188 843 312 907; x_wconf 89' lang='lat' dir='ltr'>meritis</span> <span class='ocrx_word' id='word_1_47' title='bbox 336 846 381 928; x_wconf 83' lang='lat' dir='ltr'>et,</span> <span class='ocrx_word' id='word_1_48' title='bbox 404 842 492 927; x_wconf 90' lang='lat' dir='ltr'>quod</span> <span class='ocrx_word' id='word_1_49' title='bbox 513 842 617 929; x_wconf 89' lang='lat' dir='ltr'>magis</span> <span class='ocrx_word' id='word_1_50' title='bbox 640 845 691 906; x_wconf 88' lang='lat' dir='ltr'>est</span> <span class='ocrx_word' id='word_1_51' title='bbox 714 842 870 927; x_wconf 82' lang='lat' dir='ltr'>optabile,</span> <span class='ocrx_word' id='word_1_52' title='bbox 893 842 994 907; x_wconf 86' lang='lat' dir='ltr'>vincit</span> 
     </span>
     <span class='ocr_line' id='line_1_9' title="bbox 120 930 975 1016; baseline -0.002 -20"><span class='ocrx_word' id='word_1_53' title='bbox 120 930 285 996; x_wconf 82' lang='lat' dir='ltr'>Subnixus</span> <span class='ocrx_word' id='word_1_54' title='bbox 309 930 487 996; x_wconf 78' lang='lat' dir='ltr'>Stilichone</span> <span class='ocrx_word' id='word_1_55' title='bbox 509 935 584 1016; x_wconf 84' lang='lat' dir='ltr'>tuo,</span> <span class='ocrx_word' id='word_1_56' title='bbox 608 953 704 1014; x_wconf 92' lang='lat' dir='ltr'>quem</span> <span class='ocrx_word' id='word_1_57' title='bbox 726 931 883 995; x_wconf 82' lang='lat' dir='ltr'>fratribus</span> <span class='ocrx_word' id='word_1_58' title='bbox 905 931 975 1014; x_wconf 92' lang='lat' dir='ltr'>ipse</span> 
     </span>
     <span class='ocr_line' id='line_1_10' title="bbox 118 1019 890 1104; baseline -0.001 -19"><span class='ocrx_word' id='word_1_59' title='bbox 118 1020 295 1085; x_wconf 86' lang='lat' dir='ltr'>Discedens</span> <span class='ocrx_word' id='word_1_60' title='bbox 319 1020 457 1104; x_wconf 89' lang='lat' dir='ltr'>elipeum</span> <span class='ocrx_word' id='word_1_61' title='bbox 480 1020 743 1103; x_wconf 87' lang='lat' dir='ltr'>defensoremque</span> <span class='ocrx_word' id='word_1_62' title='bbox 766 1019 890 1084; x_wconf 91' lang='lat' dir='ltr'>dedisti.</span> 
     </span>
     <span class='ocr_line' id='line_1_11' title="bbox 118 1108 938 1193; baseline -0.002 -19"><span class='ocrx_word' id='word_1_63' title='bbox 118 1109 183 1174; x_wconf 91' lang='lat' dir='ltr'>Pro</span> <span class='ocrx_word' id='word_1_64' title='bbox 207 1109 303 1174; x_wconf 92' lang='lat' dir='ltr'>nobis</span> <span class='ocrx_word' id='word_1_65' title='bbox 324 1109 408 1173; x_wconf 88' lang='lat' dir='ltr'>nihil</span> <span class='ocrx_word' id='word_1_66' title='bbox 429 1109 485 1173; x_wconf 91' lang='lat' dir='ltr'>ille</span> <span class='ocrx_word' id='word_1_67' title='bbox 508 1108 577 1193; x_wconf 91' lang='lat' dir='ltr'>pati</span> <span class='ocrx_word' id='word_1_68' title='bbox 599 1108 788 1192; x_wconf 89' lang='lat' dir='ltr'>nullumque</span> <span class='ocrx_word' id='word_1_69' title='bbox 811 1112 938 1173; x_wconf 88' lang='lat' dir='ltr'>recusat</span> 
     </span>
     <span class='ocr_line' id='line_1_12' title="bbox 119 1197 1137 1283; baseline 0.003 -21"><span class='ocrx_word' id='word_1_70' title='bbox 119 1197 302 1263; x_wconf 91' lang='lat' dir='ltr'>Discrimen</span> <span class='ocrx_word' id='word_1_71' title='bbox 323 1202 482 1283; x_wconf 88' lang='lat' dir='ltr'>temptare</span> <span class='ocrx_word' id='word_1_72' title='bbox 505 1197 569 1282; x_wconf 82' lang='lat' dir='ltr'>sui,</span> <span class='ocrx_word' id='word_1_73' title='bbox 591 1218 659 1262; x_wconf 91' lang='lat' dir='ltr'>non</span> <span class='ocrx_word' id='word_1_74' title='bbox 680 1197 759 1260; x_wconf 90' lang='lat' dir='ltr'>dura</span> <span class='ocrx_word' id='word_1_75' title='bbox 782 1197 920 1282; x_wconf 82' lang='lat' dir='ltr'>viarum,</span> <span class='ocrx_word' id='word_1_76' title='bbox 1082 1215 1137 1266; x_wconf 85' lang='grc'>435</span> 
     </span>
     <span class='ocr_line' id='line_1_13' title="bbox 119 1285 983 1373; baseline -0.001 -21"><span class='ocrx_word' id='word_1_77' title='bbox 119 1287 197 1352; x_wconf 87' lang='lat' dir='ltr'>Non</span> <span class='ocrx_word' id='word_1_78' title='bbox 218 1287 342 1352; x_wconf 87' lang='lat' dir='ltr'>incerta</span> <span class='ocrx_word' id='word_1_79' title='bbox 364 1286 476 1373; x_wconf 85' lang='lat' dir='ltr'>maris,</span> <span class='ocrx_word' id='word_1_80' title='bbox 498 1286 621 1370; x_wconf 79' lang='lat' dir='ltr'>Libyae</span> <span class='ocrx_word' id='word_1_81' title='bbox 644 1286 823 1369; x_wconf 89' lang='lat' dir='ltr'>squalentis</span> <span class='ocrx_word' id='word_1_82' title='bbox 846 1285 983 1351; x_wconf 86' lang='lat' dir='ltr'>harenas</span> 
     </span>
     <span class='ocr_line' id='line_1_14' title="bbox 119 1374 924 1460; baseline -0.001 -19"><span class='ocrx_word' id='word_1_83' title='bbox 119 1375 262 1441; x_wconf 88' lang='lat' dir='ltr'>Audebit</span> <span class='ocrx_word' id='word_1_84' title='bbox 286 1398 436 1460; x_wconf 89' lang='lat' dir='ltr'>superare</span> <span class='ocrx_word' id='word_1_85' title='bbox 458 1375 555 1460; x_wconf 89' lang='lat' dir='ltr'>pedes</span> <span class='ocrx_word' id='word_1_86' title='bbox 577 1374 768 1458; x_wconf 88' lang='lat' dir='ltr'>madidaque</span> <span class='ocrx_word' id='word_1_87' title='bbox 792 1375 924 1440; x_wconf 77' lang='lat' dir='ltr'>cadente</span> 
     </span>
     <span class='ocr_line' id='line_1_15' title="bbox 119 1461 861 1547; baseline -0.001 -18"><span class='ocrx_word' id='word_1_88' title='bbox 119 1464 250 1530; x_wconf 83' lang='lat' dir='ltr'>Pleiade</span> <span class='ocrx_word' id='word_1_89' title='bbox 274 1463 427 1530; x_wconf 75' lang='lat' dir='ltr'>Gaetulas</span> <span class='ocrx_word' id='word_1_90' title='bbox 449 1463 585 1530; x_wconf 88' lang='lat' dir='ltr'>intrabit</span> <span class='ocrx_word' id='word_1_91' title='bbox 608 1463 718 1528; x_wconf 84' lang='lat' dir='ltr'>navita</span> <span class='ocrx_word' id='word_1_92' title='bbox 741 1461 861 1547; x_wconf 85' lang='lat' dir='ltr'>Syrtes.</span> 
     </span>
    </p>

    <p class='ocr_par' dir='ltr' id='par_1_6' title="bbox 118 1551 1136 3226">
     <span class='ocr_line' id='line_1_16' title="bbox 187 1551 1036 1637; baseline 0 -20"><span class='ocrx_word' id='word_1_93' title='bbox 187 1553 283 1618; x_wconf 90' lang='lat' dir='ltr'>Hunc</span> <span class='ocrx_word' id='word_1_94' title='bbox 305 1558 415 1618; x_wconf 89' lang='lat' dir='ltr'>tamen</span> <span class='ocrx_word' id='word_1_95' title='bbox 437 1554 472 1618; x_wconf 92' lang='lat' dir='ltr'>in</span> <span class='ocrx_word' id='word_1_96' title='bbox 493 1553 607 1637; x_wconf 90' lang='lat' dir='ltr'>primis</span> <span class='ocrx_word' id='word_1_97' title='bbox 629 1551 768 1636; x_wconf 89' lang='lat' dir='ltr'>populos</span> <span class='ocrx_word' id='word_1_98' title='bbox 791 1553 891 1616; x_wconf 91' lang='lat' dir='ltr'>lenire</span> <span class='ocrx_word' id='word_1_99' title='bbox 914 1553 1036 1617; x_wconf 86' lang='lat' dir='ltr'>feroces</span> 
     </span>
     <span class='ocr_line' id='line_1_17' title="bbox 120 1639 1136 1726; baseline 0.001 -19"><span class='ocrx_word' id='word_1_100' title='bbox 120 1642 165 1708; x_wconf 83' lang='lat' dir='ltr'>Et</span> <span class='ocrx_word' id='word_1_101' title='bbox 187 1643 338 1707; x_wconf 87' lang='lat' dir='ltr'>Rhenum</span> <span class='ocrx_word' id='word_1_102' title='bbox 360 1665 475 1726; x_wconf 88' lang='lat' dir='ltr'>pacare</span> <span class='ocrx_word' id='word_1_103' title='bbox 497 1642 598 1707; x_wconf 92' lang='lat' dir='ltr'>iubes.</span> <span class='ocrx_word' id='word_1_104' title='bbox 643 1639 743 1705; x_wconf 92' lang='lat' dir='ltr'>Volat</span> <span class='ocrx_word' id='word_1_105' title='bbox 765 1641 821 1705; x_wconf 90' lang='lat' dir='ltr'>ille</span> <span class='ocrx_word' id='word_1_106' title='bbox 844 1641 952 1706; x_wconf 90' lang='lat' dir='ltr'>citatis</span> <span class='ocrx_word' id='word_1_107' title='bbox 1082 1660 1136 1708; x_wconf 84' lang='grc'><strong>440</strong></span> 
     </span>
     <span class='ocr_line' id='line_1_18' title="bbox 119 1728 970 1815; baseline -0.001 -20"><span class='ocrx_word' id='word_1_108' title='bbox 119 1730 241 1795; x_wconf 85' lang='lat' dir='ltr'>Vectus</span> <span class='ocrx_word' id='word_1_109' title='bbox 265 1732 356 1814; x_wconf 90' lang='lat' dir='ltr'>equis</span> <span class='ocrx_word' id='word_1_110' title='bbox 378 1731 531 1814; x_wconf 90' lang='lat' dir='ltr'>nullaque</span> <span class='ocrx_word' id='word_1_111' title='bbox 554 1732 641 1796; x_wconf 91' lang='lat' dir='ltr'>latus</span> <span class='ocrx_word' id='word_1_112' title='bbox 665 1728 805 1813; x_wconf 88' lang='lat' dir='ltr'>stipante</span> <span class='ocrx_word' id='word_1_113' title='bbox 828 1734 970 1815; x_wconf 83' lang='lat' dir='ltr'>caterva,</span> 
     </span>
     <span class='ocr_line' id='line_1_19' title="bbox 119 1817 954 1904; baseline -0.002 -20"><span class='ocrx_word' id='word_1_114' title='bbox 119 1818 245 1902; x_wconf 88' lang='lat' dir='ltr'>Aspera</span> <span class='ocrx_word' id='word_1_115' title='bbox 266 1819 432 1884; x_wconf 84' lang='lat' dir='ltr'>nubiferas</span> <span class='ocrx_word' id='word_1_116' title='bbox 456 1842 520 1902; x_wconf 88' lang='lat' dir='ltr'>qua</span> <span class='ocrx_word' id='word_1_117' title='bbox 542 1819 656 1883; x_wconf 84' lang='lat' dir='ltr'>Raetia</span> <span class='ocrx_word' id='word_1_118' title='bbox 679 1818 818 1904; x_wconf 87' lang='lat' dir='ltr'>porrigit</span> <span class='ocrx_word' id='word_1_119' title='bbox 840 1817 954 1904; x_wconf 83' lang='lat' dir='ltr'>Alpes,</span> 
     </span>
     <span class='ocr_line' id='line_1_20' title="bbox 120 1905 1022 1994; baseline -0.001 -21"><span class='ocrx_word' id='word_1_120' title='bbox 120 1907 233 1993; x_wconf 78' lang='lat' dir='ltr'>Pergit</span> <span class='ocrx_word' id='word_1_121' title='bbox 256 1912 288 1971; x_wconf 90' lang='lat' dir='ltr'>et</span> <span class='ocrx_word' id='word_1_122' title='bbox 310 1907 446 1972; x_wconf 84' lang='lat' dir='ltr'>hostiles</span> <span class='ocrx_word' id='word_1_123' title='bbox 470 1905 576 1993; x_wconf 84' lang='lat' dir='ltr'>(tanta</span> <span class='ocrx_word' id='word_1_124' title='bbox 599 1911 649 1972; x_wconf 90' lang='lat' dir='ltr'>est</span> <span class='ocrx_word' id='word_1_125' title='bbox 671 1905 803 1994; x_wconf 83' lang='lat' dir='ltr'>fiducia)</span> <span class='ocrx_word' id='word_1_126' title='bbox 827 1908 914 1991; x_wconf 82' lang='lat' dir='ltr'>ripas</span> <span class='ocrx_word' id='word_1_127' title='bbox 1018 1947 1022 1953; x_wconf 92' lang='lat'>·</span> 
     </span>
     <span class='ocr_line' id='line_1_21' title="bbox 118 1994 1019 2080; baseline 0 -19"><span class='ocrx_word' id='word_1_128' title='bbox 118 1995 333 2061; x_wconf 78' lang='lat' dir='ltr'>incomitatus</span> <span class='ocrx_word' id='word_1_129' title='bbox 356 1996 431 2060; x_wconf 89' lang='lat' dir='ltr'>adit.</span> <span class='ocrx_word' id='word_1_130' title='bbox 477 1994 596 2060; x_wconf 80' lang='lat' dir='ltr'>&#39;lotum</span> <span class='ocrx_word' id='word_1_131' title='bbox 615 2017 789 2080; x_wconf 87' lang='lat' dir='ltr'>properare</span> <span class='ocrx_word' id='word_1_132' title='bbox 812 2018 870 2080; x_wconf 90' lang='lat' dir='ltr'>per</span> <span class='ocrx_word' id='word_1_133' title='bbox 892 2018 1019 2061; x_wconf 88' lang='lat' dir='ltr'>amnem</span> 
     </span>
     <span class='ocr_line' id='line_1_22' title="bbox 120 2083 1135 2170; baseline 0.003 -21"><span class='ocrx_word' id='word_1_134' title='bbox 120 2084 291 2149; x_wconf 87' lang='lat' dir='ltr'>Attonitos</span> <span class='ocrx_word' id='word_1_135' title='bbox 313 2106 406 2170; x_wconf 87' lang='lat' dir='ltr'>reges</span> <span class='ocrx_word' id='word_1_136' title='bbox 428 2083 544 2148; x_wconf 86' lang='lat' dir='ltr'>humili</span> <span class='ocrx_word' id='word_1_137' title='bbox 568 2085 689 2149; x_wconf 81' lang='lat' dir='ltr'>cervice</span> <span class='ocrx_word' id='word_1_138' title='bbox 712 2084 844 2150; x_wconf 82' lang='lat' dir='ltr'>videres.</span> <span class='ocrx_word' id='word_1_139' title='bbox 1083 2103 1135 2152; x_wconf 84' lang='grc'>445</span> 
     </span>
     <span class='ocr_line' id='line_1_23' title="bbox 120 2171 1017 2260; baseline 0.003 -24"><span class='ocrx_word' id='word_1_140' title='bbox 120 2171 207 2236; x_wconf 90' lang='lat' dir='ltr'>Ante</span> <span class='ocrx_word' id='word_1_141' title='bbox 229 2172 343 2236; x_wconf 90' lang='lat' dir='ltr'>ducem</span> <span class='ocrx_word' id='word_1_142' title='bbox 364 2176 513 2236; x_wconf 88' lang='lat' dir='ltr'>nostrum</span> <span class='ocrx_word' id='word_1_143' title='bbox 535 2172 652 2238; x_wconf 83' lang='lat' dir='ltr'>flavam</span> <span class='ocrx_word' id='word_1_144' title='bbox 675 2194 821 2257; x_wconf 85' lang='lat' dir='ltr'>sparsere</span> <span class='ocrx_word' id='word_1_145' title='bbox 844 2172 1017 2260; x_wconf 85' lang='lat' dir='ltr'>Sygambri</span> 
     </span>
     <span class='ocr_line' id='line_1_24' title="bbox 122 2260 983 2345; baseline 0.001 -18"><span class='ocrx_word' id='word_1_146' title='bbox 122 2260 303 2327; x_wconf 76' lang='lat' dir='ltr'>Caesar-iem</span> <span class='ocrx_word' id='word_1_147' title='bbox 324 2260 506 2345; x_wconf 82' lang='lat' dir='ltr'>pavidoque</span> <span class='ocrx_word' id='word_1_148' title='bbox 530 2266 658 2326; x_wconf 90' lang='lat' dir='ltr'>orantes</span> <span class='ocrx_word' id='word_1_149' title='bbox 681 2284 844 2328; x_wconf 90' lang='lat' dir='ltr'>murmure</span> <span class='ocrx_word' id='word_1_150' title='bbox 866 2261 983 2328; x_wconf 86' lang='lat' dir='ltr'>Franci</span> 
     </span>
     <span class='ocr_line' id='line_1_25' title="bbox 119 2350 907 2416; baseline -0.001 0"><span class='ocrx_word' id='word_1_151' title='bbox 119 2351 324 2416; x_wconf 87' lang='lat' dir='ltr'>Procubuere</span> <span class='ocrx_word' id='word_1_152' title='bbox 347 2351 430 2416; x_wconf 92' lang='lat' dir='ltr'>solo:</span> <span class='ocrx_word' id='word_1_153' title='bbox 453 2350 580 2415; x_wconf 88' lang='lat' dir='ltr'>iuratur</span> <span class='ocrx_word' id='word_1_154' title='bbox 602 2350 767 2416; x_wconf 90' lang='lat' dir='ltr'>Honorius</span> <span class='ocrx_word' id='word_1_155' title='bbox 790 2351 907 2415; x_wconf 85' lang='lat' dir='ltr'>absens</span> 
     </span>
     <span class='ocr_line' id='line_1_26' title="bbox 119 2437 978 2526; baseline 0 -21"><span class='ocrx_word' id='word_1_156' title='bbox 119 2439 340 2526; x_wconf 89' lang='lat' dir='ltr'>Imploratque</span> <span class='ocrx_word' id='word_1_157' title='bbox 363 2443 456 2504; x_wconf 89' lang='lat' dir='ltr'>tuum</span> <span class='ocrx_word' id='word_1_158' title='bbox 479 2439 615 2524; x_wconf 88' lang='lat' dir='ltr'>supplex</span> <span class='ocrx_word' id='word_1_159' title='bbox 637 2437 831 2505; x_wconf 87' lang='lat' dir='ltr'>Alamannia</span> <span class='ocrx_word' id='word_1_160' title='bbox 852 2461 978 2506; x_wconf 87' lang='lat' dir='ltr'>nomen</span> 
     </span>
     <span class='ocr_line' id='line_1_27' title="bbox 119 2528 1134 2613; baseline 0.002 -19"><span class='ocrx_word' id='word_1_161' title='bbox 119 2529 297 2594; x_wconf 88' lang='lat' dir='ltr'>Bastarnae</span> <span class='ocrx_word' id='word_1_162' title='bbox 319 2550 434 2593; x_wconf 88' lang='lat' dir='ltr'>venere</span> <span class='ocrx_word' id='word_1_163' title='bbox 456 2532 578 2613; x_wconf 81' lang='lat' dir='ltr'>truces,</span> <span class='ocrx_word' id='word_1_164' title='bbox 599 2529 687 2594; x_wconf 83' lang='lat' dir='ltr'>venit</span> <span class='ocrx_word' id='word_1_165' title='bbox 710 2529 819 2593; x_wconf 88' lang='lat' dir='ltr'>accola</span> <span class='ocrx_word' id='word_1_166' title='bbox 843 2528 942 2593; x_wconf 84' lang='lat' dir='ltr'>silvae</span> <span class='ocrx_word' id='word_1_167' title='bbox 1081 2545 1134 2596; x_wconf 87' lang='grc'>450</span> 
     </span>
     <span class='ocr_line' id='line_1_28' title="bbox 118 2616 943 2702; baseline 0 -20"><span class='ocrx_word' id='word_1_168' title='bbox 118 2618 295 2683; x_wconf 83' lang='lat' dir='ltr'>Bructerus</span> <span class='ocrx_word' id='word_1_169' title='bbox 317 2617 498 2702; x_wconf 81' lang='lat' dir='ltr'>Hercyniae</span> <span class='ocrx_word' id='word_1_170' title='bbox 520 2618 659 2701; x_wconf 90' lang='lat' dir='ltr'>latisque</span> <span class='ocrx_word' id='word_1_171' title='bbox 681 2616 855 2702; x_wconf 91' lang='lat' dir='ltr'>paludibus</span> <span class='ocrx_word' id='word_1_172' title='bbox 877 2616 943 2682; x_wconf 87' lang='lat' dir='ltr'>exit</span> 
     </span>
     <span class='ocr_line' id='line_1_29' title="bbox 122 2703 942 2793; baseline 0.001 -23"><span class='ocrx_word' id='word_1_173' title='bbox 122 2706 251 2771; x_wconf 80' lang='lat' dir='ltr'>Cimber</span> <span class='ocrx_word' id='word_1_174' title='bbox 275 2710 307 2770; x_wconf 91' lang='lat' dir='ltr'>et</span> <span class='ocrx_word' id='word_1_175' title='bbox 328 2707 477 2793; x_wconf 88' lang='lat' dir='ltr'>ingentes</span> <span class='ocrx_word' id='word_1_176' title='bbox 499 2703 612 2771; x_wconf 87' lang='lat' dir='ltr'>Albim</span> <span class='ocrx_word' id='word_1_177' title='bbox 633 2705 756 2790; x_wconf 91' lang='lat' dir='ltr'>liquere</span> <span class='ocrx_word' id='word_1_178' title='bbox 781 2704 942 2771; x_wconf 81' lang='lat' dir='ltr'>Cherusci.</span> 
     </span>
     <span class='ocr_line' id='line_1_30' title="bbox 119 2794 923 2881; baseline -0.001 -22"><span class='ocrx_word' id='word_1_179' title='bbox 119 2794 249 2878; x_wconf 88' lang='lat' dir='ltr'>Accipit</span> <span class='ocrx_word' id='word_1_180' title='bbox 272 2794 327 2858; x_wconf 91' lang='lat' dir='ltr'>ille</span> <span class='ocrx_word' id='word_1_181' title='bbox 350 2817 460 2878; x_wconf 91' lang='lat' dir='ltr'>preces</span> <span class='ocrx_word' id='word_1_182' title='bbox 482 2795 589 2861; x_wconf 89' lang='lat' dir='ltr'>varias</span> <span class='ocrx_word' id='word_1_183' title='bbox 611 2795 766 2878; x_wconf 89' lang='lat' dir='ltr'>tardeque</span> <span class='ocrx_word' id='word_1_184' title='bbox 788 2798 923 2881; x_wconf 86' lang='lat' dir='ltr'>rogatus</span> 
     </span>
     <span class='ocr_line' id='line_1_31' title="bbox 119 2882 942 2970; baseline 0 -22"><span class='ocrx_word' id='word_1_185' title='bbox 119 2882 245 2948; x_wconf 89' lang='lat' dir='ltr'>Adnuit</span> <span class='ocrx_word' id='word_1_186' title='bbox 268 2886 300 2946; x_wconf 92' lang='lat' dir='ltr'>et</span> <span class='ocrx_word' id='word_1_187' title='bbox 322 2906 441 2970; x_wconf 86' lang='lat' dir='ltr'>magno</span> <span class='ocrx_word' id='word_1_188' title='bbox 464 2906 575 2968; x_wconf 90' lang='lat' dir='ltr'>pacem</span> <span class='ocrx_word' id='word_1_189' title='bbox 597 2906 657 2968; x_wconf 92' lang='lat' dir='ltr'>pro</span> <span class='ocrx_word' id='word_1_190' title='bbox 680 2904 811 2948; x_wconf 89' lang='lat' dir='ltr'>munere</span> <span class='ocrx_word' id='word_1_191' title='bbox 834 2883 942 2949; x_wconf 88' lang='lat' dir='ltr'>donat.</span> 
     </span>
     <span class='ocr_line' id='line_1_32' title="bbox 118 2971 1135 3058; baseline 0 -20"><span class='ocrx_word' id='word_1_192' title='bbox 118 2971 306 3038; x_wconf 89' lang='lat' dir='ltr'>Nobilitant</span> <span class='ocrx_word' id='word_1_193' title='bbox 328 2976 452 3036; x_wconf 85' lang='lat' dir='ltr'>veteres</span> <span class='ocrx_word' id='word_1_194' title='bbox 477 2971 666 3038; x_wconf 78' lang='lat' dir='ltr'>Germanica</span> <span class='ocrx_word' id='word_1_195' title='bbox 688 2972 817 3037; x_wconf 88' lang='lat' dir='ltr'>foedera</span> <span class='ocrx_word' id='word_1_196' title='bbox 839 2971 979 3058; x_wconf 79' lang='lat' dir='ltr'>Druscs,</span> <span class='ocrx_word' id='word_1_197' title='bbox 1082 2989 1135 3039; x_wconf 87' lang='grc'>455</span> 
     </span>
     <span class='ocr_line' id='line_1_33' title="bbox 118 3059 996 3146; baseline 0.002 -22"><span class='ocrx_word' id='word_1_198' title='bbox 118 3059 224 3125; x_wconf 83' lang='grc' dir='ltr'><strong>Μ5155</strong></span> <span class='ocrx_word' id='word_1_199' title='bbox 248 3059 304 3124; x_wconf 89' lang='lat' dir='ltr'>sed</span> <span class='ocrx_word' id='word_1_200' title='bbox 326 3060 475 3146; x_wconf 79' lang='lat' dir='ltr'>ancipiti,</span> <span class='ocrx_word' id='word_1_201' title='bbox 498 3061 688 3126; x_wconf 77' lang='lat' dir='ltr'>sed-multis</span> <span class='ocrx_word' id='word_1_202' title='bbox 711 3061 856 3126; x_wconf 92' lang='lat' dir='ltr'>cladibus</span> <span class='ocrx_word' id='word_1_203' title='bbox 880 3065 996 3145; x_wconf 92' lang='lat' dir='ltr'>empta.</span> 
     </span>
     <span class='ocr_line' id='line_1_34' title="bbox 119 3149 995 3226; baseline 0.001 -12"><span class='ocrx_word' id='word_1_204' title='bbox 119 3149 200 3226; x_wconf 80' lang='lat' dir='ltr'>Quis</span> <span class='ocrx_word' id='word_1_205' title='bbox 223 3149 345 3214; x_wconf 87' lang='lat' dir='ltr'>victum</span> <span class='ocrx_word' id='word_1_206' title='bbox 367 3149 514 3214; x_wconf 89' lang='lat' dir='ltr'>meminit</span> <span class='ocrx_word' id='word_1_207' title='bbox 537 3151 607 3215; x_wconf 88' lang='lat' dir='ltr'>sola</span> <span class='ocrx_word' id='word_1_208' title='bbox 629 3149 800 3215; x_wconf 87' lang='lat' dir='ltr'>formidine</span> <span class='ocrx_word' id='word_1_209' title='bbox 822 3149 995 3216; x_wconf 84' lang='lat' dir='ltr'>Rhenum?</span> 
     </span>
    </p>
   </div>
   <div class='ocr_carea' id='block_1_4' title="bbox 118 3237 847 3393">
    <p class='ocr_par' dir='ltr' id='par_1_7' title="bbox 118 3237 847 3393">
     <span class='ocr_line' id='line_1_35' title="bbox 120 3237 847 3324; baseline 0.003 -23"><span class='ocrx_word' id='word_1_210' title='bbox 120 3238 213 3314; x_wconf 83' lang='lat' dir='ltr'>Quod</span> <span class='ocrx_word' id='word_1_211' title='bbox 235 3237 343 3324; x_wconf 86' lang='lat' dir='ltr'>longis</span> <span class='ocrx_word' id='word_1_212' title='bbox 366 3238 422 3302; x_wconf 92' lang='lat' dir='ltr'>alii</span> <span class='ocrx_word' id='word_1_213' title='bbox 444 3238 540 3303; x_wconf 90' lang='lat' dir='ltr'>bellis</span> <span class='ocrx_word' id='word_1_214' title='bbox 562 3243 696 3323; x_wconf 91' lang='lat' dir='ltr'>potuere</span> <span class='ocrx_word' id='word_1_215' title='bbox 718 3239 847 3324; x_wconf 87' lang='lat' dir='ltr'>mereri,</span> 
     </span>
     <span class='ocr_line' id='line_1_36' title="bbox 118 3325 658 3393; baseline 0.006 -3"><span class='ocrx_word' id='word_1_216' title='bbox 118 3326 191 3390; x_wconf 92' lang='lat' dir='ltr'>Hoc</span> <span class='ocrx_word' id='word_1_217' title='bbox 213 3326 275 3391; x_wconf 91' lang='lat' dir='ltr'>tibi</span> <span class='ocrx_word' id='word_1_218' title='bbox 298 3326 353 3390; x_wconf 91' lang='lat' dir='ltr'>dat</span> <span class='ocrx_word' id='word_1_219' title='bbox 376 3325 564 3392; x_wconf 84' lang='lat' dir='ltr'>Stilichonis</span> <span class='ocrx_word' id='word_1_220' title='bbox 587 3328 658 3393; x_wconf 69' lang='lat' dir='ltr'>iter⁴</span> 
     </span>
    </p>
   </div>
   <div class='ocr_carea' id='block_1_5' title="bbox 117 3416 1137 3573">
    <p class='ocr_par' dir='ltr' id='par_1_8' title="bbox 117 3416 1137 3573">
     <span class='ocr_line' id='line_1_37' title="bbox 706 3416 987 3483; baseline 0.007 -2"><span class='ocrx_word' id='word_1_221' title='bbox 706 3416 786 3482; x_wconf 90' lang='lat' dir='ltr'>Post</span> <span class='ocrx_word' id='word_1_222' title='bbox 810 3417 876 3481; x_wconf 88' lang='lat' dir='ltr'>otia</span> <span class='ocrx_word' id='word_1_223' title='bbox 900 3416 987 3483; x_wconf 78' lang='lat' dir='ltr'>Galli</span> 
     </span>
     <span class='ocr_line' id='line_1_38' title="bbox 117 3502 1137 3573; baseline 0.004 -5"><span class='ocrx_word' id='word_1_224' title='bbox 117 3503 247 3568; x_wconf 89' lang='lat' dir='ltr'>Limitis</span> <span class='ocrx_word' id='word_1_225' title='bbox 270 3503 412 3570; x_wconf 78' lang='lat' dir='ltr'>hortaris</span> <span class='ocrx_word' id='word_1_226' title='bbox 437 3502 552 3571; x_wconf 80' lang='lat' dir='ltr'>Graias</span> <span class='ocrx_word' id='word_1_227' title='bbox 574 3504 689 3570; x_wconf 81' lang='lat' dir='ltr'>fulcire</span> <span class='ocrx_word' id='word_1_228' title='bbox 711 3506 831 3571; x_wconf 89' lang='lat' dir='ltr'>ruinas.</span> <span class='ocrx_word' id='word_1_229' title='bbox 1083 3522 1137 3573; x_wconf 81' lang='grc'>450</span> 
     </span>
    </p>
   </div>
   <div class='ocr_carea' id='block_1_6' title="bbox 0 0 1200 3870">
    <p class='ocr_par' dir='ltr' id='par_1_9' title="bbox 0 0 1200 3870">
     <span class='ocr_line' id='line_1_39' title="bbox 0 0 1200 3870; baseline 0 0"><span class='ocrx_word' id='word_1_230' title='bbox 0 0 1200 3870; x_wconf 95' lang='lat' dir='ltr'> </span> 
     </span>
    </p>
   </div>
  </div>
 </body>
</html>
