2392 3870
132 148 198 210 222
254 127 258 134 ’
460 145 824 200 ‹navuucuuuurrr

132 310 378 395 Tergeminique
402 309 490 372 ducis
514 330 704 373 numerosos
726 307 825 371 deicis
849 312 950 372 artus

98 406 103 414 '
178 400 221 462 Et
245 400 365 462 totiens
389 420 452 461 uno
476 399 580 461 victor
602 398 643 460 ab
667 396 761 460 hoste
784 396 880 459 redis.
1136 418 1166 464 ro

134 487 209 551 Non
234 488 344 550 eadere
368 488 508 563 Antaeo,
531 509 596 549 non
620 506 760 548 erescere
783 485 915 568 profuit
940 485 1089 570 hydrae:

178 575 245 637 Nee
270 598 394 637 cervam
419 576 566 637 volueres
591 576 735 658 eripuere
757 573 864 656 pedes.

135 663 209 725 Caci
233 665 361 725 flamma
384 664 480 746 perit:
504 663 615 726 rubuit
638 662 786 726 Busiride
808 661 929 745 Nilus3

178 752 355 814 Prostratis
379 752 500 814 maduit-
523 751 695 836 nubigenis
717 750 850 814 Pholoe.

135 839 180 902 Te
202 840 317 922 Libyci
342 845 493 921 stupuere
517 840 619 924 sinuS‚
642 844 675 902 te
698 839 839 902 maxima
862 838 1000 924 Tethys
1136 861 1166 906 45

179 927 330 1009 Horruit,
354 929 507 1010 imposito
532 951 604 991 cum
627 949 805 1011 premerere
827 926 924 1010 polo:

134 1014 274 1078 Firmior
298 1016 454 1079 Herculea
477 1017 615 1079 mundus
639 1016 759 1079 cervice
781 1016 960 1101 pependit3

180 1106 374 1167 Lustrarunt
398 1127 525 1167 umeros
547 1104 699 1168 Phoebus
722 1109 754 1167 et
777 1108 866 1166 astra
890 1109 1001 1169 tuos?

135 1282 291 1344 Thraeius
314 1282 391 1344 haeo
415 1287 513 1344 vates
551 1281 613 1344 Sed
635 1287 673 1344 tu
695 1280 888 1363 Tirynthius
914 1283 1025 1367 alter,

180 1370 379 1452 Florentine‚
403 1370 495 1433 milri:
519 1375 556 1432 tu
578 1392 649 1433 mea
671 1371 794 1454 plectra
816 1391 934 1433 moves
1136 1391 1165 1436 so

136 1458 303 1540 Antraque
327 1458 491 1521 Musarum
515 1458 614 1543 longo
637 1457 799 1541 torpentia
822 1479 944 1522 somno

181 1547 316 1610 Exoutis
340 1554 370 1609 et
395 1547 537 1629 placidos
562 1546 651 1610 ducis
674 1548 709 1610 in
732 1546 809 1609 orbe
832 1546 967 1611 choros,

462 1836 582 1893 LlBER
608 1834 826 1893 SECVNDVS.

578 1967 711 2036 (11111

204 2075 337 2158 lmpulit
361 2075 470 2158 Ionios
493 2077 669 2157 praemisso
692 2075 813 2138 lumine
836 2076 962 2142 fluctus

138 2164 291 2227 Nondum
314 2186 393 2245 pura
418 2164 498 2227 dies:
521 2165 669 2227 tremulis
692 2164 839 2227 vibratur
861 2164 898 2227 in
921 2169 1032 2233 undis

139 2253 245 2315 Ardor
268 2258 299 2314 et
324 2256 466 2315 errantes
490 2253 605 2315 ludunt
628 2275 686 2336 per
709 2252 835 2315 caerula
856 2253 1031 2323 flammae.

138 2341 270 2424 lamque
294 2342 396 2403 audax
421 2341 518 2403 animi
542 2342 687 2424 fidaeque
711 2341 812 2404 oblita
835 2344 990 2423 parentis

139 2430 262 2493 Fraude
285 2431 429 2492 Dionaea
453 2430 564 2515 riguos
587 2430 781 2513 Proserpina
804 2430 910 2492 saltus
1151 2452 1165 2498 s

139 2519 206 2603 (Sic
230 2520 349 2582 Pareae
372 2520 508 2602 iussere)
531 2518 621 2601 petit.
658 2517 721 2581 Ter
744 2515 871 2581 cardine
894 2541 1000 2586 verso

139 2609 335 2693 Praesagum
359 2608 500 2670 cecinere
524 2608 623 2689 fores3
646 2612 696 2669 ter
719 2606 846 2670 conseia
869 2605 933 2671 fati

139 2695 263 2759 Flebile
286 2697 436 2759 terrificis
460 2696 582 2781 gemuit
605 2695 785 2780 mugitibus
808 2693 925 2760 Aetna.

139 2782 249 2845 Nullis
272 2784 328 2846 illa
352 2791 462 2847 tamen
482 2784 636 2846 monstris
659 2785 814 2866 nulloque
836 2788 973 2848 tenetur
1081 2813 1091 2831 ·

139 2871 301 2956 Prodigia.
340 2872 481 2935 Comites
505 2894 652 2956 gressum
675 2873 807 2935 iunxere
830 2892 974 2938 sorores.

206 2960 314 3022 Prima
339 2961 413 3023 dolo
437 2961 580 3045 gaudens
604 2964 635 3022 et
659 2965 751 3024 tanto
775 2959 901 3023 concita
925 2969 1016 3030 voto

140 3046 169 3108 lt
193 3047 304 3110 Venus
328 3059 359 3111 et
383 3053 495 3130 raptus
518 3048 652 3111 metitur
676 3049 770 3112 eorde
792 3048 939 3133 futuros,

139 3133 207 3197 lam
233 3137 337 3198 dirum
360 3139 480 3199 flexura
505 3137 617 3219 eham,
641 3137 704 3199 iam
728 3137 804 3199 Dite
827 3136 969 3202 subacto

140 3221 268 3308 lugenti
293 3226 431 3287 famulos
454 3225 566 3287 Manes
590 3226 725 3288 ductura
747 3224 924 3307 triumpho

140 3310 194 3373 llli
218 3313 396 3375 multifidos
420 3314 516 3376 erinis
541 3315 689 3376 sinuatur
713 3315 747 3377 in
771 3313 865 3376 orbes

139 3399 240 3463 Idalia
265 3401 386 3462 divisus
411 3424 483 3466 acu:
507 3403 621 3465 sudata
643 3404 760 3466 marito

139 3488 256 3553 Fibula
281 3511 459 3572 purpureos
483 3513 608 3574 gemma
633 3490 799 3574 suspendit
822 3490 977 3559 amictus
