2392 3870
130 142 173 206 28
454 138 600 193 calven
620 139 817 194 CLAVDIANl

130 302 385 387 Serpentumque
408 323 491 386 vago
515 300 639 364 caelum
662 301 783 365 saevire
806 302 926 367 volatu.

128 389 247 476 Implet
269 389 470 454 Thessaliam
493 388 569 452 ferri
591 388 688 474 nitor,
711 393 867 473 antraque
891 390 977 456 docti

131 478 319 563 Cornipedis
342 483 517 561 teneroque
540 477 643 540 amnis
666 481 813 560 reptatus
835 477 957 542 Achilli
1096 502 1147 549 100

129 567 175 632 Et
197 588 310 632 nemus
335 564 489 629 Oetaeum
511 565 624 629 radiat.
672 563 819 630 Clamore
841 567 959 631 nivalis

130 654 212 720 Ossa
234 658 328 720 tonat
350 654 509 738 pulsoque
531 654 643 739 fragor
665 653 848 739 geminatur
872 652 1019 740 Olympo,

128 742 289 809 Intumuit
311 742 416 807 virtus
439 746 472 806 et
494 741 576 807 lucis
599 742 755 828 prodigus
778 743 858 807 arsit

129 830 288 918 Impetus3
310 830 398 895 haud
419 830 494 894 illos
518 851 624 915 rupes,
646 829 734 894 haud
756 831 823 894 alta
846 835 992 898 vetarent

129 919 292 985 Flumina:
315 917 484 1004 praecipiti
508 918 698 983 stravissent
722 919 829 984 omnia
852 941 956 986 cursu.
1095 943 1146 990 185

198 1008 233 1073 Si
255 1013 334 1073 tunc
356 1007 407 1072 his
431 1006 547 1072 animis
570 1006 654 1071 acies
678 1007 796 1071 collata
818 1008 943 1096 fuisset,

128 1096 262 1160 Prodita
283 1119 351 1161 non
372 1100 482 1160 tantas
504 1094 638 1160 vidisset
662 1093 795 1160 Graecia
819 1097 939 1182 caedes,

130 1183 256 1269 Oppida
279 1190 403 1249 semoto
425 1183 577 1267 Pelopeia
599 1183 704 1248 Marte
726 1184 881 1272 vigerent,

130 1272 261 1339 Starent
283 1272 449 1357 Arcadiae,
472 1275 595 1336 starent
617 1272 865 1337 Lacedaemonis
889 1296 991 1361 arces3

128 1361 206 1428 Non
227 1384 315 1426 mare
338 1363 494 1426 fumasset
517 1360 681 1446 geminum
703 1363 861 1447 flagrante
885 1362 1042 1429 Corintho
1094 1385 1144 1432 100

128 1450 197 1517 Neo
220 1453 288 1516 fera
312 1449 483 1533 Cecropiae
505 1449 681 1514 traxissent
703 1450 832 1515 vincula
853 1455 981 1516 matres.

128 1537 190 1604 Illa
214 1541 280 1605 dies
303 1539 411 1624 potuit
433 1537 555 1602 nostris
578 1538 742 1622 imponere
765 1539 862 1604 finem

130 1627 284 1693 Cladibus
308 1632 340 1692 et
363 1626 492 1692 sceleris
516 1648 629 1690 causas
652 1628 777 1691 auferre
800 1628 910 1693 futuri.

128 1715 241 1780 Invida
263 1739 323 1800 pro
347 1720 504 1799 quantum
526 1714 635 1798 rapuit
656 1714 802 1780 Fortuna
824 1715 1040 1801 triumphum!

128 1803 218 1868 Inter
240 1826 341 1888 equos
362 1804 511 1887 interque
532 1804 629 1867 tubas
652 1805 804 1869 mandata
826 1805 974 1870 fenmtur
1093 1827 1144 1874 195

129 1892 232 1978 Regia
256 1896 287 1956 et
310 1891 426 1955 armati
449 1892 582 1956 veniunt
606 1891 748 1957 ductoris
772 1892 812 1956 ad
835 1915 936 1958 aures.

197 1979 387 2065 Obstupuit3
411 1979 507 2044 simul
529 1980 578 2044 ira
599 1980 714 2066 virum,
738 1980 835 2045 simul
858 1981 967 2046 obruit
990 1983 1105 2070 ingens

129 2069 257 2133 Maeror
280 2073 312 2132 et
334 2068 452 2155 ignavo
475 2073 604 2133 tantum
626 2068 756 2134 licuisse
777 2070 907 2134 nocenti

129 2157 275 2221 Miratur.
320 2157 446 2221 Dubios
470 2179 587 2241 anceps
610 2157 770 2222 sententia
792 2158 894 2222 volvit

128 2245 288 2310 Eventus:
311 2250 445 2331 peragat
467 2267 593 2331 pugnas
617 2268 660 2309 an
681 2246 780 2310 fortia
803 2251 916 2331 coepta
1091 2267 1145 2316 200

129 2334 289 2398 Deserat?
324 2333 465 2418 Illyricis
488 2334 579 2397 ardet
602 2355 787 2398 succurrere
810 2333 948 2420 damnis3

128 2422 313 2507 Praeceptis
337 2423 467 2487 obstare
490 2421 591 2485 timet.
637 2421 829 2486 Reverentia
851 2422 975 2508 frangit

129 2510 270 2576 Virtutis
294 2511 458 2576 stimulos:
481 2509 558 2573 hinc
579 2509 710 2593 pubhca
734 2511 900 2575 commoda
923 2511 1069 2598 suadent,

129 2599 215 2663 Hinc
237 2604 342 2663 metus
365 2598 512 2662 invidiae.
558 2597 701 2661 Tandem
723 2598 911 2684 indignatus
935 2599 975 2662 ad
998 2606 1087 2665 astra

128 2687 270 2751 Extollit
293 2688 417 2770 palmas
441 2691 473 2750 et
496 2685 537 2749 ab
560 2685 625 2749 imo
648 2691 778 2769 pectore
801 2687 901 2751 fatur:
1093 2708 1146 2757 205

197 2774 351 2838 ‘Numina
373 2774 528 2838 Romanis
551 2773 686 2838 necdum
710 2774 828 2838 satiata
850 2775 962 2860 ruinis,

131 2863 166 2928 Si
189 2862 279 2926 iuvat
300 2863 472 2945 imperium
493 2862 623 2945 penitus
647 2862 685 2926 de
709 2862 809 2946 stirpe
832 2863 952 2950 revelli,

129 2951 204 3016 Vno
228 2951 256 3013 si
278 2950 401 3034 placuit
424 2951 522 3015 deleri
545 2951 673 3014 saecula
695 2951 798 3035 lapsu,

130 3038 165 3104 si
188 3040 278 3125 piget
300 3038 433 3103 humani
456 3038 595 3125 generis:
618 3043 808 3123 prorumpat
831 3040 866 3104 in
887 3063 965 3105 arva
1026 3097 1027 3100 ,

129 3127 278 3192 Libertas
302 3128 420 3191 effrena
442 3127 540 3191 maris
563 3127 615 3191 vel
637 3127 740 3191 limite
762 3127 850 3192 iusto
959 3152 961 3158 ·
1095 3149 1148 3198 210

129 3216 251 3281 Devius
274 3219 418 3279 errantes
440 3215 611 3280 Phaethon
634 3215 810 3280 confimdat
832 3215 983 3282 habenas

131 3304 196 3369 Gur
218 3326 276 3389 per
297 3304 452 3368 Rufinum
473 3303 619 3390 geritur?
654 3304 869 3369 Procumbere
892 3306 1048 3371 mundum

129 3391 202 3457 Hoc
224 3398 355 3458 auctore
377 3391 484 3476 pudet.
530 3391 645 3456 Mediis
668 3415 856 3458 revocamur
879 3395 920 3458 ab
943 3394 1043 3459 armis

131 3477 210 3567 (Pro
234 3477 354 3567 dolorl)
378 3483 410 3544 et
434 3479 564 3544 strictos
589 3481 746 3564 deponere
769 3482 916 3568 cogimur
938 3504 1040 3550 enses.
