2392 3870
341 134 623 192 ADNOTATIONES
643 135 818 194 CRITIOAE.
973 139 1091 195 XXXIII

57 301 123 351 ⁴276
147 295 182 365 0]
203 310 298 348 omnes
317 297 430 364 practer
448 295 491 350 Es
510 297 558 364 qui
576 295 732 365 traduntI,
751 297 826 365 quod
845 297 954 367 recepit
971 298 1018 367 Bi3
1038 300 1088 353 sed

145 382 199 434 ego
217 365 375 434 repudiavi,
394 382 486 434 neque
504 365 579 419 enim
598 366 656 420 iam
670 367 723 420 hoc
737 367 798 422 loco
813 371 845 421 ut
860 371 907 422 eat
922 369 1090 424 admonetur

142 435 236 490 Maria
268 439 478 506 sequunturque
510 436 729 492 exclamationes
761 454 834 507 quae
867 439 924 494 alio
955 440 1089 509 tendunt3

143 507 246 560 deinde
260 507 291 560 in
305 507 435 562 cubiculo
445 507 507 577 ipso
516 507 614 577 puella
627 511 750 564 ornatur.
778 511 901 563 ceterum
916 510 1089 568 lectionemi

69 628 97 641 ,,
141 579 236 700 <<irtam
255 594 316 632 esse
337 594 372 632 ex
389 595 459 633 voce
481 580 536 634 ibis
559 595 632 647 quae
656 579 783 649 sequitur
805 596 887 635 versu
901 585 953 635 279
973 583 1089 637 creden-

162 666 210 702 um
229 652 280 704 est.

57 725 120 775 292
140 726 220 774 notos
239 763 245 774 .
262 763 267 773 .
287 720 390 791 amam]
418 719 491 773 nihil
518 720 685 774 mutandum
713 737 774 775 esse
804 721 913 790 Vergili
947 723 1025 778 locus
1049 723 1088 777 XI

141 795 265 914 492sq31.
284 791 344 861 (ubi
361 793 475 860 {leonine
492 797 566 860 acu)
589 790 626 844 ab
644 791 706 860 ipso
725 791 814 847 Birtio
836 792 944 847 accitus
968 793 1088 863 apertis-

141 877 212 914 sime
251 867 322 916 ocet.

57 937 120 987 316
213 932 231 1003 Ι]
250 950 332 1002 quom
350 932 403 984 Em
422 934 451 985 et
469 931 524 1001 Bi,
551 933 602 986 sed
624 935 700 987 recte
724 933 773 987 ille
797 933 929 1001 adnotat,
957 933 981 988 si
1005 953 1087 1005 picam

154 1006 264 1072 egatur,
279 1002 433 1082 desidprari
448 1003 579 1072 copulam
593 1003 671 1057 velut
687 1004 728 1057 ‘et
737 1006 833 1072 quam'
849 1005 895 1059 vel
907 1006 969 1058 ‘aut
979 1008 1085 1073 quam’.

141 1075 294 1142 propterea
313 1090 365 1142 ego
384 1091 462 1144 quero
480 1090 514 1127 ex
532 1073 649 1142 reliquis
668 1074 821 1144 adsumpsi.

56 1149 119 1201 318
140 1144 250 1215 clama]
270 1161 303 1198 ex
321 1145 382 1199 VH
398 1143 529 1213 praetuli,
548 1161 615 1198 nam
633 1144 814 1215 hypothetice
835 1145 943 1200 dictum
962 1150 1013 1202 est.

309 1411 359 1475 De
381 1411 479 1475 tertio
503 1411 674 1476 consulatu
696 1390 851 1475 Honoriis

53 1567 190 1640 praeit
210 1585 223 1622 e
241 1570 322 1622 scisco
342 1609 370 1623 ..
390 1574 415 1623 te
459 1568 516 1640 iae]
541 1584 591 1620 cur
614 1566 786 1636 aeripuerim,
808 1567 967 1636 expositum
990 1572 1034 1623 est
1055 1571 1085 1624 in

137 1638 288 1708 Philologo
307 1639 414 1693 tomX
438 1638 477 1691 IX
494 1656 521 1707 p.
537 1644 597 1692 569.

98 1716 117 1764 2
141 1711 246 1779 Terque
264 1709 339 1780 taos]
366 1708 573 1764 dubitationem
596 1725 681 1776 quam
702 1710 830 1762 moverat
851 1708 958 1764 Bittius
982 1709 1012 1764 in
1036 1711 1084 1765 ad-

137 1781 295 1848 notatione,
314 1779 375 1849 ipse
393 1779 515 1834 removit
532 1779 563 1832 in
580 1779 670 1848 praef.
690 1797 716 1848 p.
732 1777 879 1834 CXXVIII.

75 1857 117 1907 97
138 1854 187 1906 cui
208 1852 312 1906 militat
338 1851 440 1922 aether]
468 1850 591 1905 imitatio
620 1849 800 1918 apertissima
827 1849 980 1921 Propertii,
1009 1854 1084 1922 apud

139 1937 223 1989 quem
237 1921 277 1975 IV
291 1927 316 1990 6,
331 1926 365 1975 39
383 1920 486 1990 Apollo
501 1923 538 1975 ad
551 1921 711 1989 Augustum
724 1921 794 1974 hacc
807 1921 896 1975 fatur:
916 1925 968 1978 tibi
982 1926 1085 1979 militat

137 2008 221 2046 arcas
238 1994 286 2061 (sc.
305 1995 404 2058 meus).

49 2066 116 2121 108
136 2063 372 2186 grhumodciatgrq
382 2063 473 2131 magis
483 2062 597 2132 placuit,
612 2062 680 2116 licet
692 2062 778 2116 etiam
788 2061 901 2118 dativus
912 2063 1083 2118 defensionis

199 2150 229 2186 ur
287 2148 380 2188 aea.

50 2209 114 2263 118
135 2151 232 2275 Inqtc]
256 2205 337 2259 Ueatc’
355 2203 431 2271 quod
452 2202 520 2257 olim
543 2202 717 2258 conieceram
740 2203 785 2272 (cf.
805 2204 868 2258 loco
886 2204 970 2257 modo
994 2204 1083 2259 citato

135 2293 166 2344 p.
181 2278 259 2341 670),
282 2291 333 2342 pro
352 2291 419 2328 vera
441 2277 543 2343 poetae
567 2274 707 2343 scriptura
731 2274 879 2328 venditare
902 2291 958 2328 non
983 2274 1082 2330 audeo.

136 2343 314 2398 simillimum
337 2344 412 2398 enim
434 2343 652 2414 praepositionis
675 2348 707 2399 iu
729 2362 811 2397 usum
835 2344 930 2398 inveni
949 2345 987 2397 lV
1006 2362 1082 2400 cons.

135 2415 210 2470 Hon.
231 2420 291 2482 603,
320 2432 342 2470 c.
362 2433 399 2470 m.
419 2415 509 2469 XXVI
528 2421 562 2470 94
589 2419 619 2470 et
641 2433 664 2471 c.
683 2433 720 2468 m.
739 2415 843 2468 XXVII
862 2419 921 2468 110.
958 2414 1082 2483 itemque

134 2486 244 2540 flustra
262 2502 360 2540 vocem
378 2488 503 2542 carmina
521 2488 571 2540 tan
592 2502 638 2540 erc
651 2486 680 2541 L.
696 2485 848 2538 Muellerus
863 2485 1019 2539 conabatur
1037 2503 1081 2541 ca·

134 2559 250 2613 cumim
263 2555 395 2620 offerens;
413 2573 478 2610 nam
494 2573 558 2610 orac
591 2574 671 2611 orum
685 2555 856 2610 mentionem
872 2555 934 2623 quis
949 2555 1082 2611 hocloco

136 2626 300 2681 desiderare
319 2628 456 2681 volucrit?

46 2706 113 2758 156
133 2699 293 2770 comaeque]
312 2701 438 2768 socioque
455 2718 493 2766 c,
512 2697 589 2765 quod
607 2714 662 2765 quo
682 2714 766 2751 sensu
784 2697 953 2766 acciperem,
976 2696 1083 2751 frustra

135 2768 279 2836 quaesivi,
306 2785 397 2837 neque
421 2768 509 2837 enim,
538 2767 563 2821 si
590 2767 659 2836 quid
685 2768 777 2835 video,
806 2768 872 2821 aula
898 2767 1082 2836 imperatoria

135 2838 285 2894 Stiliconis
302 2840 433 2908 magistri
457 2838 582 2892 militurn
604 2837 683 2892 socia
704 2837 844 2892 nominari
866 2840 986 2908 poterat.
1018 2854 1083 2891 mea

134 2911 278 2978 scriptura
301 2927 445 2980 comasque
467 2926 570 2964 novum
594 2925 712 2964 acumen
739 2909 842 2963 inferre
864 2907 934 2963 mihi
956 2907 1081 2975 videtur,

133 2980 196 3033 iarn
205 2980 280 3034 enim
288 2980 388 3050 regina
396 2981 460 3050 ipsa
471 2981 589 3034 ‘socrus’
600 2981 718 3034 vocatur
727 2978 800 3033 sicut
809 2998 835 3033 v.
844 2984 895 3032 158
905 2978 1081 3033 Theodosius

134 3050 199 3120 ipse
219 3052 330 3107 ‘socer'.
363 3051 465 3106 deinde
483 3050 637 3104 iucundum
655 3053 699 3103 est
717 3053 816 3105 contra
838 3050 904 3118 poni
924 3066 1034 3103 socrum
1052 3051 1082 3104 et

133 3138 246 3190 nurum,
264 3123 390 3191 taliaque
403 3137 582 3190 praeamassc
595 3123 722 3176 nostrum
736 3121 839 3175 docent
853 3119 982 3189 exempla
994 3120 1080 3173 haec:

133 3191 176 3246 VI
193 3208 269 3248 cons.
288 3192 360 3248 Hon.
389 3193 424 3248 Ut
443 3235 449 3247 .
466 3237 472 3248 .
488 3236 494 3247 .
513 3195 584 3248 uices
606 3209 660 3261 pro
683 3193 811 3261 principe
838 3193 932 3246 canem
959 3191 1082 3260 impleret

133 3279 319 3334 pectoraque
340 3280 431 3319 socer
458 3266 488 3318 et
509 3262 604 3331 Epith.
624 3260 694 3316 Pall.
718 3263 805 3331 praef.
827 3266 841 3315 7
866 3261 982 3316 Carruca
1003 3276 1082 3315 amor
1118 3279 1124 3290 ·

132 3336 265 3405 pauori,
283 3337 390 3390 soceri
407 3336 557 3390 reuerentia
570 3336 667 3404 poscit.

51 3412 113 3464 193
133 3406 435 3529 imnoumiabprorsus
452 3404 631 3459 retinendum
650 3419 711 3458 esse
728 3402 851 3457 arbitror
864 3404 893 3457 et
905 3401 967 3471 ipse
982 3401 1082 3453 contra

134 3491 167 3530 se
185 3477 279 3544 ipsum
321 3477 339 3531 i.
359 3475 487 3530 defendit
504 3475 535 3528 in
552 3474 645 3531 indice
665 3493 686 3528 s.
700 3492 726 3528 v.

115 3574 261 3616 Onavnuur
275 3573 338 3628 Oria,
352 3575 387 3616 ed.
401 3575 487 3615 Koch.
853 3575 867 3612 c
