2392 3870
84 149 162 204 XXII
356 150 639 207 ADNOTATIONES
659 150 836 208 caillone.

85 315 137 365 255
156 310 323 380 9091999990
346 311 453 365 luminu
475 312 557 436 901αὲ
582 312 617 365 de
640 311 778 366 hocloco
802 312 840 366 ad
863 311 950 370 Iliad.
968 313 1018 370 lib.
1031 311 1088 368 llll

156 399 182 437 v.
200 386 249 436 139
273 383 349 436 99099
372 397 417 435 me
439 381 519 436 misit
557 383 717 446 huteohium
740 383 787 437 hio
810 382 887 437 enim
911 385 958 438 vir
982 383 1090 440 9909191·

157 470 219 505 mus
243 452 346 507 eximia
369 453 503 507 comitate
527 452 614 507 etiam
636 453 767 523 plagulas
786 453 872 508 huius
892 454 1030 510 editionis
1047 473 1090 526 per·

156 522 236 592 legit,
255 523 392 577 nonnulla
409 522 518 577 monuit
537 523 704 592 perutiliter.

86 599 138 648 970
160 592 248 665 Olane]
268 596 331 649 Iam
350 594 444 663 codd,
469 594 545 662 quod
568 594 628 649 sine
652 595 711 649 ulla
734 595 915 651 dubitatione
940 599 1091 668 aspernatur

157 683 231 733 sum,
258 682 321 719 cum
340 666 410 719 haec
427 664 569 735 particula
587 665 618 718 in
636 665 699 734 ipso
717 665 799 720 initio
818 667 967 722 enuntiati
985 667 1091 738 regentis

157 739 235 789 extet
248 752 340 804 neque
353 735 410 788 nisi
420 738 517 806 aperto
533 734 637 790 calami
651 753 744 791 errore
757 735 804 791 hic
819 736 984 807 inrepserit.
1016 742 1094 795 centn

159 806 238 862 Oiam
256 807 293 860 ad
312 823 425 861 sensum
444 805 591 876 aptissime
610 807 750 875 quadrare
767 807 839 861 mihi
861 810 1013 878 persuasit
1034 811 1093 865 locu

157 877 316 931 Marcellini
332 877 448 932 Comitis
463 877 676 947 chronographi,
691 877 798 946 quibis
813 878 848 932 de
863 879 952 935 rebus
970 882 1025 935 sub
1039 895 1094 935 anno

157 946 295 1002 OOOXOV
319 948 360 1002 sic
382 949 479 1002 refert:
510 950 630 1017 Rufinus
652 951 794 1005 Patricius
815 949 964 1007 Archadio
987 951 1094 1023 principi

157 1020 276 1073 incidiae
304 1019 415 1073 tendens
442 1019 588 1075 Alaricum
615 1021 767 1076 Gothorum
793 1037 882 1092 repen
907 1025 1004 1079 miscis
1031 1025 1095 1080 cion

153 1091 280 1157 pecuniis
298 1089 428 1156 infectum
447 1092 614 1168 reipublicae
631 1093 703 1156 fecit.
742 1107 815 1160 quae
840 1091 875 1145 de
898 1093 1017 1148 ratione
1038 1093 1094 1147 1999

157 1161 272 1229 poetam
293 1162 430 1227 ,nostrum
462 1164 491 1214 et
519 1161 715 1215 Marcellinum
743 1161 881 1216 Comitem
914 1163 1094 1220 intercedente

158 1229 289 1298 equidem
316 1229 490 1299 cogitarem,
522 1230 553 1284 in
579 1233 650 1288 Mus.
678 1233 767 1286 Rhen.
795 1235 864 1287 tom.
887 1233 982 1290 XLIV
1010 1255 1036 1306 p.
1057 1239 1094 1290 599

156 1301 361 1426 999999999999
381 1301 561 1370 adumbravi,
580 1321 645 1358 mox
664 1306 759 1357 autem
778 1302 802 1357 si
822 1303 865 1357 dis
883 1305 987 1374 placet
1006 1303 1095 1377 publici

157 1391 226 1428 runs
257 1390 357 1428 acram.

86 1445 292 1515 9991199999]
312 1446 365 1498 Em
384 1447 457 1515 999,
482 1461 552 1512 quos
571 1445 728 1512 sequendos
751 1445 859 1515 putavi.
893 1463 966 1501 nam
988 1447 1094 1518 primun

156 1516 258 1570 fluvius
279 1515 425 1585 ‘percurri’
446 1515 493 1571 vix
512 1518 618 1584 potest3
644 1515 746 1570 deinde
765 1517 877 1572 Hebrus
896 1517 954 1585 <sic
972 1521 1050 1573 enim
1064 1516 1094 1572 Bi

157 1604 221 1640 cum
243 1587 344 1640 ceteris
367 1589 444 1656 mss.)
467 1585 497 1639 in
520 1586 642 1640 Thracia
670 1590 713 1640 est
737 1589 766 1641 et
787 1586 819 1640 in
841 1586 999 1658 Rhodopes
1022 1589 1093 1643 laun

157 1656 301 1723 orientali;
330 1655 428 1724 itaque
452 1657 574 1725 primum
598 1656 690 1711 deseri
712 1656 870 1727 Rhodopen
892 1659 1095 1715 memorandum

157 1726 271 1796 fuisset,
291 1725 357 1780 dein
375 1727 405 1780 in
423 1727 573 1782 Thraciam
590 1727 684 1793 tendi,
703 1727 804 1782 ultimo
823 1727 952 1784 Hebrum
974 1727 1093 1800 percurri

159 1814 226 1866 ergo
241 1798 379 1852 Haemum
392 1797 514 1867 restitui,
533 1815 599 1851 nam
612 1798 768 1868 Rhodopen
782 1798 865 1867 quasi
879 1799 987 1855 Haemi
1000 1803 1092 1871 purten

159 1868 305 1922 inductam
323 1866 457 1921 licentiae
475 1871 576 1937 poetae
595 1868 679 1923 facile
699 1869 902 1925 adtribuemus.

86 1940 248 2011 trunonis]
276 1955 351 1992 nunc
377 1939 452 1993 bono
477 1939 570 1995 animo
599 1939 677 1994 edidi
704 1957 754 2009 pro
784 1940 925 1994 ‘advenis’
957 1942 1092 2012 accipiens.

158 2010 227 2066 olim
246 2007 355 2064 conieci
374 2009 449 2079 apud
467 2011 509 2067 Bi.
528 2012 606 2078 moia
626 2011 701 2078 quod
719 2011 765 2066 991
787 2013 941 2080 propterea
965 2012 1092 2084 displicet,

158 2080 225 2149 quia
243 2080 274 2133 in
292 2081 422 2148 sequenti
443 2098 526 2136 99999
550 2082 648 2136 eadem
670 2098 725 2136 vox
751 2081 881 2138 occurrit.
920 2080 1093 2139 ceterumad

157 2169 240 2206 usum
266 2150 350 2205 huius
373 2151 452 2206 verbi
477 2152 680 2207 Claudianeum
704 2152 738 2208 cf.
758 2153 797 2207 lV
816 2170 891 2208 cons.
909 2153 987 2211 Hon.
1003 2160 1038 2210 95
1059 2149 1094 2208 nbi

156 2225 235 2278 nonis
252 2223 329 2277 idem
346 2222 424 2276 valet
442 2224 528 2290 atque
548 2223 647 2292 ‘usque
666 2223 758 2278 adhuc
776 2241 835 2278 non
851 2222 947 2280 risis’.

86 2299 139 2348 323
158 2311 228 2364 quae
246 2296 358 2364 quisque
377 2296 467 2366 petet]
496 2311 559 2348 cum
582 2295 641 2349 solo
665 2294 718 2347 Em
742 2295 854 2364 scripsi3
885 2292 909 2348 si
938 2296 1017 2351 enim
1043 2308 1096 2368 qun

158 2365 239 2435 legis,
258 2367 438 2435 pleonasmus
458 2364 593 2419 molestus
612 2364 708 2420 oritur.

86 2441 139 2492 350
158 2437 255 2508 limite]
275 2453 371 2490 rursus
386 2436 462 2504 quod
475 2436 614 2505 praebent
627 2436 680 2489 Em
694 2439 723 2490 99
738 2454 760 2503 ε,
779 2435 870 2505 magis
885 2435 1008 2517 placuit,
1025 2451 1095 2507 quun

157 2509 278 2577 tremite,
306 2523 361 2576 quo
380 2507 457 2562 haud
475 2505 518 2559 ita
537 2509 603 2576 apte
622 2509 714 2561 terrae
736 2506 865 2577 linguam
887 2524 918 2559 1n
941 2525 1024 2564 mare
1046 2523 1096 2578 pro·

157 2579 262 2633 iactam
281 2577 435 2647 significari
453 2576 544 2632 crede.

87 2655 137 2704 371
158 2650 319 2772 eretendere}l
329 2648 381 2710 Εε,
400 2647 476 2716 quod
495 2647 581 2701 etiam
595 2647 637 2703 Bi.
651 2650 752 2718 postea
767 2648 972 2718 adprobavisse
986 2650 1095 2714 videtur¹

158 2719 208 2789 qui
226 2720 256 2774 in
269 2719 300 2772 in
321 2719 363 2773 109
377 2717 559 2773 hunclocum
573 2720 660 2773 etiam
675 2736 695 2775 s.
709 2738 735 2775 9,
750 2721 891 2775 extendere
906 2719 1095 2784 adnotaverit3

157 2791 219 2861 ipse
237 2792 268 2844 in
287 2791 420 2844 contextu
437 2789 525 2843 habet
542 2792 688 2846 intendere.
723 2807 773 2843 099
791 2792 887 2844 autem
903 2788 978 2845 illud
992 2794 1096 2862 praetu-

157 2861 248 2928 lerim,
268 2877 365 2914 sensus
383 2860 445 2928 1999
460 2861 554 2925 docet;
573 2864 722 2930 praeterea
735 2860 828 2915 verbis
843 2861 994 2918 incolumes
1009 2882 1036 2920 v.
1048 2865 1096 2927 379,

157 2933 298 2989 intendere
323 2950 349 2985 9.
370 2936 434 2999 371,
463 2933 653 3003 insperatoque
679 2950 705 2987 v.
726 2937 777 2985 372
806 2930 873 2985 oriri
900 2933 1098 3003 cacophonian

178 3001 266 3058 utari.

87 3080 140 3130 998
158 3023 278 3143 immone]
299 3071 444 3142 eleganter
459 3072 632 3141 excogitavit
642 3072 765 3142 [ecpium
779 3089 907 3128 mucrone
921 3088 1023 3130 omnes
1033 3091 1099 3139 msa,

160 3145 206 3200 cui
223 3143 340 3198 lectioni
363 3144 596 3212 interpretatione
614 3143 780 3198 Buecheleri
804 3142 932 3212 quamvis
957 3146 1100 3216 perspicua

160 3214 361 3270 auctoritatem
371 3218 548 3284 speciemque
558 3215 719 3269 adcrescere
729 3215 899 3283 negaverim.
923 3219 1026 3272 manet
1036 3216 1101 3272 enin

160 3285 321 3354 difficultas,
341 3301 413 3353 quae
433 3287 477 3339 est
490 3286 520 3337 in
533 3285 596 3354 ipsa
610 3284 758 3339 verborum
773 3284 991 3354 compositione:
1012 3286 1102 3342 manet

160 3359 247 3411 etiam
261 3355 394 3426 repetitio
408 3355 493 3410 nimis
507 3355 628 3425 ingrata,
649 3373 712 3410 cum
726 3355 803 3409 idem
817 3355 875 3410 iam
888 3355 1008 3412 valeant
1023 3358 1102 3414 verba

160 3443 233 3496 quae
259 3427 442 3482 antecedunt:
475 3443 547 3499 ceper
573 3428 695 3497 undique
722 3428 792 3494 ferri
818 3428 989 3494 cirmnufusd
1017 3432 1101 3486 micat.

160 3515 243 3569 porro
259 3498 283 3553 91
298 3497 462 3569 diligentius
477 3497 715 3567 comparationem
729 3495 880 3566 poeticam,
895 3513 951 3566 qua
966 3498 1015 3553 hic
1030 3501 1101 3555 locus
