<?xml version="1.0" encoding="UTF-8"?>
<!DOCTYPE html PUBLIC "-//W3C//DTD XHTML 1.0 Transitional//EN"
    "http://www.w3.org/TR/xhtml1/DTD/xhtml1-transitional.dtd">
<html xmlns="http://www.w3.org/1999/xhtml" xml:lang="en" lang="en">
 <head>
  <title>
</title>
<meta http-equiv="Content-Type" content="text/html;charset=utf-8" />
  <meta name='ocr-system' content='tesseract 3.04.00' />
  <meta name='ocr-capabilities' content='ocr_page ocr_carea ocr_par ocr_line ocrx_word'/>
</head>
<body>
  <div class='ocr_page' id='page_1' title='image "./claudiiclaudian03claugoog_0108.png"; bbox 0 0 2438 3878; ppageno 0'>
   <div class='ocr_carea' id='block_1_1' title="bbox 242 187 1071 259">
    <p class='ocr_par' dir='ltr' id='par_1_1' title="bbox 242 187 1071 259">
     <span class='ocr_line' id='line_1_1' title="bbox 242 187 1071 259; baseline 0.008 -17"><span class='ocrx_word' id='word_1_1' title='bbox 242 187 298 259; x_wconf 86' lang='lat' dir='ltr'>(V.)</span> <span class='ocrx_word' id='word_1_2' title='bbox 316 189 357 243; x_wconf 88' lang='lat' dir='ltr'><strong>IN</strong></span> <span class='ocrx_word' id='word_1_3' title='bbox 374 189 545 246; x_wconf 81' lang='lat' dir='ltr'><strong>RVFINVM</strong></span> <span class='ocrx_word' id='word_1_4' title='bbox 562 190 673 245; x_wconf 85' lang='lat' dir='ltr'>LIBER</span> <span class='ocrx_word' id='word_1_5' title='bbox 691 191 888 249; x_wconf 77' lang='lat' dir='ltr'>SECVNDVS.</span> <span class='ocrx_word' id='word_1_6' title='bbox 1028 194 1071 259; x_wconf 84' lang='grc'><strong>37</strong></span> 
     </span>
    </p>
   </div>
   <div class='ocr_carea' id='block_1_2' title="bbox 54 350 1167 529">
    <p class='ocr_par' dir='ltr' id='par_1_2' title="bbox 54 350 1167 529">
     <span class='ocr_line' id='line_1_2' title="bbox 57 350 1004 439; baseline 0.006 -26"><span class='ocrx_word' id='word_1_7' title='bbox 57 350 141 427; x_wconf 80' lang='lat' dir='ltr'><strong>Quid</strong></span> <span class='ocrx_word' id='word_1_8' title='bbox 165 351 293 416; x_wconf 85' lang='lat' dir='ltr'><strong>demens</strong></span> <span class='ocrx_word' id='word_1_9' title='bbox 316 351 488 416; x_wconf 84' lang='lat' dir='ltr'><strong>manifesta</strong></span> <span class='ocrx_word' id='word_1_10' title='bbox 510 354 633 439; x_wconf 79' lang='lat' dir='ltr'><strong>negas?</strong></span> <span class='ocrx_word' id='word_1_11' title='bbox 667 353 721 418; x_wconf 85' lang='lat' dir='ltr'><strong>En</strong></span> <span class='ocrx_word' id='word_1_12' title='bbox 743 357 855 438; x_wconf 88' lang='lat' dir='ltr'><strong>pectus</strong></span> <span class='ocrx_word' id='word_1_13' title='bbox 877 354 1004 419; x_wconf 89' lang='lat' dir='ltr'><strong>inustae</strong></span> 
     </span>
     <span class='ocr_line' id='line_1_3' title="bbox 54 439 1167 529; baseline 0.006 -25"><span class='ocrx_word' id='word_1_14' title='bbox 54 439 246 504; x_wconf 83' lang='lat' dir='ltr'><strong>Deformant</strong></span> <span class='ocrx_word' id='word_1_15' title='bbox 269 440 413 503; x_wconf 82' lang='lat' dir='ltr'><strong>maculae</strong></span> <span class='ocrx_word' id='word_1_16' title='bbox 436 440 587 524; x_wconf 83' lang='lat' dir='ltr'><strong>vitiisque</strong></span> <span class='ocrx_word' id='word_1_17' title='bbox 610 441 744 506; x_wconf 88' lang='lat' dir='ltr'><strong>inolevit</strong></span> <span class='ocrx_word' id='word_1_18' title='bbox 767 442 875 529; x_wconf 82' lang='lat' dir='ltr'>imago</span> <span class='ocrx_word' id='word_1_19' title='bbox 1014 459 1066 510; x_wconf 89' lang='grc'><strong>505</strong></span> <span class='ocrx_word' id='word_1_20' title='bbox 1165 473 1167 477; x_wconf 62' lang='grc'>’</span> 
     </span>
    </p>
   </div>
   <div class='ocr_carea' id='block_1_3' title="bbox 54 527 1071 2473">
    <p class='ocr_par' dir='ltr' id='par_1_3' title="bbox 54 527 1002 615">
     <span class='ocr_line' id='line_1_4' title="bbox 54 527 1002 615; baseline 0.004 -22"><span class='ocrx_word' id='word_1_21' title='bbox 54 527 124 594; x_wconf 89' lang='lat' dir='ltr'><strong>Nec</strong></span> <span class='ocrx_word' id='word_1_22' title='bbox 148 550 216 592; x_wconf 89' lang='lat' dir='ltr'><strong>sese</strong></span> <span class='ocrx_word' id='word_1_23' title='bbox 240 528 411 592; x_wconf 85' lang='lat' dir='ltr'><strong>commissa</strong></span> <span class='ocrx_word' id='word_1_24' title='bbox 433 532 557 615; x_wconf 84' lang='lat' dir='ltr'><strong>tegunt.</strong></span> <span class='ocrx_word' id='word_1_25' title='bbox 604 529 713 594; x_wconf 76' lang='lat' dir='ltr'><strong>Genus</strong></span> <span class='ocrx_word' id='word_1_26' title='bbox 737 552 831 595; x_wconf 92' lang='lat' dir='ltr'><strong>omne</strong></span> <span class='ocrx_word' id='word_1_27' title='bbox 854 531 1002 597; x_wconf 89' lang='lat' dir='ltr'><strong>dolorum</strong></span> 
     </span>
    </p>

    <p class='ocr_par' dir='ltr' id='par_1_4' title="bbox 54 616 859 704">
     <span class='ocr_line' id='line_1_5' title="bbox 54 616 859 704; baseline 0.001 -22"><span class='ocrx_word' id='word_1_28' title='bbox 54 616 94 682; x_wconf 89' lang='lat' dir='ltr'><strong>In</strong></span> <span class='ocrx_word' id='word_1_29' title='bbox 116 621 149 681; x_wconf 92' lang='lat' dir='ltr'><strong>te</strong></span> <span class='ocrx_word' id='word_1_30' title='bbox 172 616 255 680; x_wconf 91' lang='lat' dir='ltr'><strong>ferre</strong></span> <span class='ocrx_word' id='word_1_31' title='bbox 278 616 371 680; x_wconf 91' lang='lat' dir='ltr'><strong>libet:</strong></span> <span class='ocrx_word' id='word_1_32' title='bbox 396 617 494 682; x_wconf 92' lang='lat' dir='ltr'><strong>dubio</strong></span> <span class='ocrx_word' id='word_1_33' title='bbox 517 617 579 681; x_wconf 95' lang='lat' dir='ltr'><strong>tibi</strong></span> <span class='ocrx_word' id='word_1_34' title='bbox 601 618 740 701; x_wconf 90' lang='lat' dir='ltr'><strong>pendula</strong></span> <span class='ocrx_word' id='word_1_35' title='bbox 763 641 859 704; x_wconf 87' lang='lat' dir='ltr'><strong>rupes</strong></span> 
     </span>
    </p>

    <p class='ocr_par' dir='ltr' id='par_1_5' title="bbox 54 704 824 792">
     <span class='ocr_line' id='line_1_6' title="bbox 54 704 824 792; baseline 0 -22"><span class='ocrx_word' id='word_1_36' title='bbox 54 704 214 770; x_wconf 87' lang='lat' dir='ltr'><strong>Inmineat</strong></span> <span class='ocrx_word' id='word_1_37' title='bbox 237 706 340 790; x_wconf 80' lang='lat' dir='ltr'><strong>lapsu,</strong></span> <span class='ocrx_word' id='word_1_38' title='bbox 362 705 493 769; x_wconf 88' lang='lat' dir='ltr'><strong>volucer</strong></span> <span class='ocrx_word' id='word_1_39' title='bbox 515 709 548 769; x_wconf 90' lang='lat' dir='ltr'><strong>te</strong></span> <span class='ocrx_word' id='word_1_40' title='bbox 571 710 721 790; x_wconf 87' lang='lat' dir='ltr'><strong>torqueat</strong></span> <span class='ocrx_word' id='word_1_41' title='bbox 745 707 824 792; x_wconf 85' lang='lat' dir='ltr'><strong>axis,</strong></span> 
     </span>
    </p>

    <p class='ocr_par' dir='ltr' id='par_1_6' title="bbox 55 793 851 880">
     <span class='ocr_line' id='line_1_7' title="bbox 55 793 851 880; baseline 0 -22"><span class='ocrx_word' id='word_1_42' title='bbox 55 794 100 876; x_wconf 80' lang='lat' dir='ltr'><strong>Te</strong></span> <span class='ocrx_word' id='word_1_43' title='bbox 123 793 229 880; x_wconf 82' lang='lat' dir='ltr'><strong>refugi</strong></span> <span class='ocrx_word' id='word_1_44' title='bbox 252 794 368 858; x_wconf 89' lang='lat' dir='ltr'><strong>fallant</strong></span> <span class='ocrx_word' id='word_1_45' title='bbox 390 793 503 858; x_wconf 88' lang='lat' dir='ltr'><strong>latices</strong></span> <span class='ocrx_word' id='word_1_46' title='bbox 527 797 624 877; x_wconf 90' lang='lat' dir='ltr'><strong>atque</strong></span> <span class='ocrx_word' id='word_1_47' title='bbox 648 816 703 859; x_wconf 92' lang='lat' dir='ltr'><strong>ore</strong></span> <span class='ocrx_word' id='word_1_48' title='bbox 724 796 851 860; x_wconf 88' lang='lat' dir='ltr'><strong>natanti</strong></span> 
     </span>
    </p>

    <p class='ocr_par' dir='ltr' id='par_1_7' title="bbox 54 881 1069 1323">
     <span class='ocr_line' id='line_1_8' title="bbox 55 881 1069 967; baseline 0.005 -21"><span class='ocrx_word' id='word_1_49' title='bbox 55 882 191 947; x_wconf 80' lang='lat' dir='ltr'><strong>Arescat</strong></span> <span class='ocrx_word' id='word_1_50' title='bbox 215 882 346 965; x_wconf 91' lang='lat' dir='ltr'><strong>decepta</strong></span> <span class='ocrx_word' id='word_1_51' title='bbox 370 881 451 967; x_wconf 80' lang='lat' dir='ltr'><strong>sitis,</strong></span> <span class='ocrx_word' id='word_1_52' title='bbox 475 881 675 966; x_wconf 85' lang='lat' dir='ltr'>dapibusque</span> <span class='ocrx_word' id='word_1_53' title='bbox 698 882 820 947; x_wconf 83' lang='lat' dir='ltr'><strong>relictis</strong></span> <span class='ocrx_word' id='word_1_54' title='bbox 1017 901 1069 952; x_wconf 90' lang='grc'><strong>510</strong></span> 
     </span>
     <span class='ocr_line' id='line_1_9' title="bbox 54 970 858 1056; baseline 0 -20"><span class='ocrx_word' id='word_1_55' title='bbox 54 970 94 1036; x_wconf 90' lang='lat' dir='ltr'><strong>In</strong></span> <span class='ocrx_word' id='word_1_56' title='bbox 116 975 174 1035; x_wconf 89' lang='lat' dir='ltr'><strong>tua</strong></span> <span class='ocrx_word' id='word_1_57' title='bbox 196 992 367 1034; x_wconf 89' lang='lat' dir='ltr'><strong>mansurus</strong></span> <span class='ocrx_word' id='word_1_58' title='bbox 390 970 508 1056; x_wconf 79' lang='lat' dir='ltr'><strong>migret</strong></span> <span class='ocrx_word' id='word_1_59' title='bbox 531 971 717 1054; x_wconf 88' lang='lat' dir='ltr'><strong>praecordia</strong></span> <span class='ocrx_word' id='word_1_60' title='bbox 739 972 858 1036; x_wconf 76' lang='lat' dir='ltr'><strong>vultur.</strong></span> 
     </span>
     <span class='ocr_line' id='line_1_10' title="bbox 56 1059 1042 1148; baseline 0.003 -26"><span class='ocrx_word' id='word_1_61' title='bbox 56 1059 258 1143; x_wconf 78' lang='lat' dir='ltr'><strong>Quamquam</strong></span> <span class='ocrx_word' id='word_1_62' title='bbox 281 1080 391 1123; x_wconf 89' lang='lat' dir='ltr'><strong>omnes</strong></span> <span class='ocrx_word' id='word_1_63' title='bbox 415 1059 480 1144; x_wconf 89' lang='lat' dir='ltr'><strong>alii,</strong></span> <span class='ocrx_word' id='word_1_64' title='bbox 504 1081 585 1142; x_wconf 92' lang='lat' dir='ltr'><strong>quos</strong></span> <span class='ocrx_word' id='word_1_65' title='bbox 607 1060 687 1124; x_wconf 90' lang='lat' dir='ltr'><strong>haec</strong></span> <span class='ocrx_word' id='word_1_66' title='bbox 708 1063 870 1124; x_wconf 91' lang='lat' dir='ltr'><strong>tormenta</strong></span> <span class='ocrx_word' id='word_1_67' title='bbox 892 1061 1042 1148; x_wconf 81' lang='lat' dir='ltr'><strong>fatigant,</strong></span> 
     </span>
     <span class='ocr_line' id='line_1_11' title="bbox 54 1146 1012 1233; baseline 0 -21"><span class='ocrx_word' id='word_1_68' title='bbox 54 1148 135 1212; x_wconf 87' lang='lat' dir='ltr'><strong>Pars</strong></span> <span class='ocrx_word' id='word_1_69' title='bbox 160 1152 259 1231; x_wconf 90' lang='lat' dir='ltr'><strong>quota</strong></span> <span class='ocrx_word' id='word_1_70' title='bbox 282 1151 366 1232; x_wconf 87' lang='lat' dir='ltr'><strong>sunt,</strong></span> <span class='ocrx_word' id='word_1_71' title='bbox 389 1146 515 1233; x_wconf 71' lang='lat' dir='ltr'><strong>liuline,</strong></span> <span class='ocrx_word' id='word_1_72' title='bbox 538 1147 600 1211; x_wconf 86' lang='lat' dir='ltr'><strong>tui!</strong></span> <span class='ocrx_word' id='word_1_73' title='bbox 638 1147 722 1224; x_wconf 81' lang='lat' dir='ltr'><strong>Quid</strong></span> <span class='ocrx_word' id='word_1_74' title='bbox 744 1149 810 1212; x_wconf 88' lang='lat' dir='ltr'><strong>tale</strong></span> <span class='ocrx_word' id='word_1_75' title='bbox 832 1149 884 1213; x_wconf 85' lang='lat' dir='ltr'><strong>vel</strong></span> <span class='ocrx_word' id='word_1_76' title='bbox 907 1150 1012 1213; x_wconf 85' lang='lat' dir='ltr'><strong>audax</strong></span> 
     </span>
     <span class='ocr_line' id='line_1_12' title="bbox 55 1235 897 1323; baseline 0.001 -23"><span class='ocrx_word' id='word_1_77' title='bbox 55 1236 204 1301; x_wconf 86' lang='lat' dir='ltr'><strong>Fulmine</strong></span> <span class='ocrx_word' id='word_1_78' title='bbox 227 1235 417 1301; x_wconf 81' lang='lat' dir='ltr'><strong>Salmoneus</strong></span> <span class='ocrx_word' id='word_1_79' title='bbox 440 1236 492 1300; x_wconf 85' lang='lat' dir='ltr'><strong>vel</strong></span> <span class='ocrx_word' id='word_1_80' title='bbox 514 1235 627 1322; x_wconf 82' lang='lat' dir='ltr'><strong>lingua</strong></span> <span class='ocrx_word' id='word_1_81' title='bbox 649 1235 806 1301; x_wconf 76' lang='lat' dir='ltr'><strong>Tantalus</strong></span> <span class='ocrx_word' id='word_1_82' title='bbox 830 1237 897 1323; x_wconf 82' lang='lat' dir='ltr'><strong>egit</strong></span> 
     </span>
    </p>

    <p class='ocr_par' dir='ltr' id='par_1_8' title="bbox 55 1323 1070 1940">
     <span class='ocr_line' id='line_1_13' title="bbox 55 1323 1069 1408; baseline 0.001 -19"><span class='ocrx_word' id='word_1_83' title='bbox 55 1324 123 1389; x_wconf 85' lang='lat' dir='ltr'><strong>Aut</strong></span> <span class='ocrx_word' id='word_1_84' title='bbox 146 1325 330 1389; x_wconf 89' lang='lat' dir='ltr'><strong>inconsulto</strong></span> <span class='ocrx_word' id='word_1_85' title='bbox 353 1323 468 1408; x_wconf 77' lang='lat' dir='ltr'><strong>Tityos</strong></span> <span class='ocrx_word' id='word_1_86' title='bbox 491 1324 627 1407; x_wconf 75' lang='lat' dir='ltr'><strong>deliquit</strong></span> <span class='ocrx_word' id='word_1_87' title='bbox 650 1325 780 1389; x_wconf 78' lang='lat' dir='ltr'><strong>amore?</strong></span> <span class='ocrx_word' id='word_1_88' title='bbox 1014 1341 1069 1390; x_wconf 88' lang='grc'><strong>515</strong></span> 
     </span>
     <span class='ocr_line' id='line_1_14' title="bbox 57 1413 924 1499; baseline -0.001 -22"><span class='ocrx_word' id='word_1_89' title='bbox 57 1413 255 1477; x_wconf 77' lang='lat' dir='ltr'><strong>Cunctorum</strong></span> <span class='ocrx_word' id='word_1_90' title='bbox 279 1413 306 1476; x_wconf 88' lang='lat' dir='ltr'><strong>si</strong></span> <span class='ocrx_word' id='word_1_91' title='bbox 328 1413 415 1476; x_wconf 84' lang='lat' dir='ltr'><strong>facta</strong></span> <span class='ocrx_word' id='word_1_92' title='bbox 438 1413 535 1478; x_wconf 88' lang='lat' dir='ltr'><strong>simul</strong></span> <span class='ocrx_word' id='word_1_93' title='bbox 557 1413 734 1499; x_wconf 83' lang='lat' dir='ltr'><strong>iungantur</strong></span> <span class='ocrx_word' id='word_1_94' title='bbox 756 1413 792 1477; x_wconf 91' lang='lat' dir='ltr'><strong>in</strong></span> <span class='ocrx_word' id='word_1_95' title='bbox 813 1434 924 1498; x_wconf 82' lang='lat' dir='ltr'><strong>unum,</strong></span> 
     </span>
     <span class='ocr_line' id='line_1_15' title="bbox 55 1500 962 1584; baseline -0.001 -19"><span class='ocrx_word' id='word_1_96' title='bbox 55 1501 230 1565; x_wconf 89' lang='lat' dir='ltr'><strong>Praecedes</strong></span> <span class='ocrx_word' id='word_1_97' title='bbox 251 1522 395 1566; x_wconf 91' lang='lat' dir='ltr'><strong>numero.</strong></span> <span class='ocrx_word' id='word_1_98' title='bbox 443 1501 503 1566; x_wconf 81' lang='lat' dir='ltr'><strong>eui</strong></span> <span class='ocrx_word' id='word_1_99' title='bbox 525 1505 618 1565; x_wconf 90' lang='lat' dir='ltr'><strong>tanta</strong></span> <span class='ocrx_word' id='word_1_100' title='bbox 639 1501 768 1584; x_wconf 90' lang='lat' dir='ltr'><strong>piacula</strong></span> <span class='ocrx_word' id='word_1_101' title='bbox 790 1500 962 1584; x_wconf 90' lang='lat' dir='ltr'><strong>quisquam</strong></span> 
     </span>
     <span class='ocr_line' id='line_1_16' title="bbox 56 1589 952 1676; baseline 0 -22"><span class='ocrx_word' id='word_1_102' title='bbox 56 1589 222 1674; x_wconf 71' lang='lat' dir='ltr'><strong>supplicio</strong></span> <span class='ocrx_word' id='word_1_103' title='bbox 246 1589 391 1654; x_wconf 86' lang='lat' dir='ltr'><strong>conferre</strong></span> <span class='ocrx_word' id='word_1_104' title='bbox 413 1590 522 1654; x_wconf 76' lang='lat' dir='ltr'><strong>valet?</strong></span> <span class='ocrx_word' id='word_1_105' title='bbox 560 1589 637 1673; x_wconf 91' lang='lat' dir='ltr'><strong>quid</strong></span> <span class='ocrx_word' id='word_1_106' title='bbox 659 1589 796 1672; x_wconf 89' lang='lat' dir='ltr'><strong>denique</strong></span> <span class='ocrx_word' id='word_1_107' title='bbox 820 1589 952 1676; x_wconf 81' lang='lat' dir='ltr'><strong>dignum</strong></span> 
     </span>
     <span class='ocr_line' id='line_1_17' title="bbox 57 1677 975 1765; baseline 0 -23"><span class='ocrx_word' id='word_1_108' title='bbox 57 1677 215 1743; x_wconf 86' lang='lat' dir='ltr'><strong>Omnibus</strong></span> <span class='ocrx_word' id='word_1_109' title='bbox 237 1678 408 1764; x_wconf 82' lang='lat' dir='ltr'><strong>inveniam,</strong></span> <span class='ocrx_word' id='word_1_110' title='bbox 430 1678 561 1743; x_wconf 84' lang='lat' dir='ltr'><strong>vincant</strong></span> <span class='ocrx_word' id='word_1_111' title='bbox 585 1701 658 1742; x_wconf 91' lang='lat' dir='ltr'><strong>cum</strong></span> <span class='ocrx_word' id='word_1_112' title='bbox 681 1678 810 1765; x_wconf 86' lang='lat' dir='ltr'><strong>singula</strong></span> <span class='ocrx_word' id='word_1_113' title='bbox 831 1678 975 1762; x_wconf 80' lang='lat' dir='ltr'><strong>poenas?</strong></span> 
     </span>
     <span class='ocr_line' id='line_1_18' title="bbox 56 1766 1070 1833; baseline 0.002 -3"><span class='ocrx_word' id='word_1_114' title='bbox 56 1766 176 1831; x_wconf 83' lang='lat' dir='ltr'><strong>Tollite</strong></span> <span class='ocrx_word' id='word_1_115' title='bbox 199 1767 238 1831; x_wconf 91' lang='lat' dir='ltr'><strong>de</strong></span> <span class='ocrx_word' id='word_1_116' title='bbox 260 1766 375 1831; x_wconf 85' lang='lat' dir='ltr'><strong>mediis</strong></span> <span class='ocrx_word' id='word_1_117' title='bbox 398 1767 580 1832; x_wconf 89' lang='lat' dir='ltr'><strong>animarum</strong></span> <span class='ocrx_word' id='word_1_118' title='bbox 603 1766 738 1831; x_wconf 79' lang='lat' dir='ltr'><strong>dedecus</strong></span> <span class='ocrx_word' id='word_1_119' title='bbox 760 1766 893 1832; x_wconf 88' lang='lat' dir='ltr'><strong>umbris.</strong></span> <span class='ocrx_word' id='word_1_120' title='bbox 1016 1783 1070 1833; x_wconf 74' lang='grc'><strong>520</strong></span> 
     </span>
     <span class='ocr_line' id='line_1_19' title="bbox 55 1854 941 1940; baseline 0.001 -22"><span class='ocrx_word' id='word_1_121' title='bbox 55 1854 252 1938; x_wconf 84' lang='lat' dir='ltr'><strong>Adspexisse</strong></span> <span class='ocrx_word' id='word_1_122' title='bbox 276 1859 327 1919; x_wconf 88' lang='lat' dir='ltr'><strong>sat</strong></span> <span class='ocrx_word' id='word_1_123' title='bbox 349 1860 407 1920; x_wconf 90' lang='lat' dir='ltr'><strong>est.</strong></span> <span class='ocrx_word' id='word_1_124' title='bbox 454 1854 566 1920; x_wconf 83' lang='lat' dir='ltr'><strong>Oculis</strong></span> <span class='ocrx_word' id='word_1_125' title='bbox 588 1855 654 1920; x_wconf 91' lang='lat' dir='ltr'><strong>iam</strong></span> <span class='ocrx_word' id='word_1_126' title='bbox 675 1855 798 1940; x_wconf 87' lang='lat' dir='ltr'><strong>parcite</strong></span> <span class='ocrx_word' id='word_1_127' title='bbox 819 1855 941 1921; x_wconf 86' lang='lat' dir='ltr'><strong>nostris</strong></span> 
     </span>
    </p>

    <p class='ocr_par' dir='ltr' id='par_1_9' title="bbox 55 1942 856 2032">
     <span class='ocr_line' id='line_1_20' title="bbox 55 1942 856 2032; baseline 0.001 -25"><span class='ocrx_word' id='word_1_128' title='bbox 55 1943 101 2007; x_wconf 84' lang='lat' dir='ltr'><strong>Et</strong></span> <span class='ocrx_word' id='word_1_129' title='bbox 124 1943 212 2008; x_wconf 91' lang='lat' dir='ltr'><strong>Ditis</strong></span> <span class='ocrx_word' id='word_1_130' title='bbox 234 1945 371 2031; x_wconf 84' lang='lat' dir='ltr'><strong>purgate</strong></span> <span class='ocrx_word' id='word_1_131' title='bbox 395 1944 515 2009; x_wconf 87' lang='lat' dir='ltr'><strong>domos.</strong></span> <span class='ocrx_word' id='word_1_132' title='bbox 560 1942 694 2032; x_wconf 82' lang='lat' dir='ltr'><strong>Agitate</strong></span> <span class='ocrx_word' id='word_1_133' title='bbox 718 1944 856 2031; x_wconf 82' lang='lat' dir='ltr'><strong>flagellis</strong></span> 
     </span>
    </p>

    <p class='ocr_par' dir='ltr' id='par_1_10' title="bbox 56 2031 1069 2205">
     <span class='ocr_line' id='line_1_21' title="bbox 56 2031 1069 2119; baseline 0.001 -24"><span class='ocrx_word' id='word_1_134' title='bbox 56 2031 160 2096; x_wconf 85' lang='lat' dir='ltr'><strong>Trans</strong></span> <span class='ocrx_word' id='word_1_135' title='bbox 184 2031 295 2119; x_wconf 73' lang='lat' dir='ltr'><strong>Styga,</strong></span> <span class='ocrx_word' id='word_1_136' title='bbox 321 2037 412 2097; x_wconf 86' lang='lat' dir='ltr'><strong>trans</strong></span> <span class='ocrx_word' id='word_1_137' title='bbox 435 2033 589 2119; x_wconf 80' lang='lat' dir='ltr'><strong>Erebum,</strong></span> <span class='ocrx_word' id='word_1_138' title='bbox 616 2055 717 2098; x_wconf 84' lang='lat' dir='ltr'><strong>vacuo</strong></span> <span class='ocrx_word' id='word_1_139' title='bbox 742 2033 892 2098; x_wconf 87' lang='lat' dir='ltr'><strong>mandate</strong></span> <span class='ocrx_word' id='word_1_140' title='bbox 915 2033 1069 2097; x_wconf 88' lang='lat' dir='ltr'><strong>barathro</strong></span> 
     </span>
     <span class='ocr_line' id='line_1_22' title="bbox 56 2119 831 2205; baseline 0.005 -22"><span class='ocrx_word' id='word_1_141' title='bbox 56 2119 146 2184; x_wconf 77' lang='lat' dir='ltr'><strong>[nfra</strong></span> <span class='ocrx_word' id='word_1_142' title='bbox 169 2120 320 2186; x_wconf 80' lang='lat' dir='ltr'><strong>Titanum</strong></span> <span class='ocrx_word' id='word_1_143' title='bbox 342 2121 492 2186; x_wconf 89' lang='lat' dir='ltr'><strong>tenebras</strong></span> <span class='ocrx_word' id='word_1_144' title='bbox 515 2121 664 2205; x_wconf 74' lang='lat' dir='ltr'><strong>infraque</strong></span> <span class='ocrx_word' id='word_1_145' title='bbox 686 2143 831 2187; x_wconf 83' lang='lat' dir='ltr'><strong>recessus</strong></span> 
     </span>
    </p>

    <p class='ocr_par' dir='ltr' id='par_1_11' title="bbox 56 2208 1071 2473">
     <span class='ocr_line' id='line_1_23' title="bbox 56 2208 1071 2296; baseline 0.002 -24"><span class='ocrx_word' id='word_1_146' title='bbox 56 2208 228 2274; x_wconf 88' lang='lat' dir='ltr'><strong>Tartareos</strong></span> <span class='ocrx_word' id='word_1_147' title='bbox 251 2210 422 2293; x_wconf 88' lang='lat' dir='ltr'><strong>ipsumque</strong></span> <span class='ocrx_word' id='word_1_148' title='bbox 446 2210 562 2296; x_wconf 78' lang='lat' dir='ltr'><strong>Chaos,</strong></span> <span class='ocrx_word' id='word_1_149' title='bbox 585 2232 649 2295; x_wconf 89' lang='lat' dir='ltr'><strong>qna</strong></span> <span class='ocrx_word' id='word_1_150' title='bbox 671 2210 777 2276; x_wconf 89' lang='lat' dir='ltr'><strong>noctis</strong></span> <span class='ocrx_word' id='word_1_151' title='bbox 802 2231 920 2294; x_wconf 91' lang='lat' dir='ltr'><strong>opacae</strong></span> <span class='ocrx_word' id='word_1_152' title='bbox 1019 2225 1071 2274; x_wconf 78' lang='grc'><strong>515</strong></span> 
     </span>
     <span class='ocr_line' id='line_1_24' title="bbox 56 2295 973 2383; baseline 0.001 -23"><span class='ocrx_word' id='word_1_153' title='bbox 56 2295 279 2363; x_wconf 86' lang='lat' dir='ltr'><strong>Fundamenta</strong></span> <span class='ocrx_word' id='word_1_154' title='bbox 301 2299 419 2383; x_wconf 82' lang='lat' dir='ltr'><strong>latent3</strong></span> <span class='ocrx_word' id='word_1_155' title='bbox 441 2320 595 2383; x_wconf 88' lang='lat' dir='ltr'><strong>praeceps</strong></span> <span class='ocrx_word' id='word_1_156' title='bbox 617 2298 664 2364; x_wconf 92' lang='lat' dir='ltr'><strong>ibi</strong></span> <span class='ocrx_word' id='word_1_157' title='bbox 686 2321 811 2364; x_wconf 88' lang='lat' dir='ltr'><strong>mersus</strong></span> <span class='ocrx_word' id='word_1_158' title='bbox 835 2297 973 2382; x_wconf 78' lang='lat' dir='ltr'><strong>anhelet,</strong></span> 
     </span>
     <span class='ocr_line' id='line_1_25' title="bbox 56 2384 986 2473; baseline -0.001 -23"><span class='ocrx_word' id='word_1_159' title='bbox 56 2385 143 2451; x_wconf 89' lang='lat' dir='ltr'><strong>Dum</strong></span> <span class='ocrx_word' id='word_1_160' title='bbox 166 2391 253 2451; x_wconf 90' lang='lat' dir='ltr'><strong>rotat</strong></span> <span class='ocrx_word' id='word_1_161' title='bbox 277 2391 365 2451; x_wconf 90' lang='lat' dir='ltr'><strong>astra</strong></span> <span class='ocrx_word' id='word_1_162' title='bbox 388 2388 492 2473; x_wconf 83' lang='lat' dir='ltr'><strong>polus,</strong></span> <span class='ocrx_word' id='word_1_163' title='bbox 514 2387 636 2452; x_wconf 84' lang='lat' dir='ltr'><strong>feriunt</strong></span> <span class='ocrx_word' id='word_1_164' title='bbox 659 2387 735 2452; x_wconf 92' lang='lat' dir='ltr'><strong>dum</strong></span> <span class='ocrx_word' id='word_1_165' title='bbox 757 2387 855 2453; x_wconf 89' lang='lat' dir='ltr'><strong>litora</strong></span> <span class='ocrx_word' id='word_1_166' title='bbox 877 2384 986 2451; x_wconf 67' lang='lat' dir='ltr'><strong>venti?</strong></span> 
     </span>
    </p>
   </div>
   <div class='ocr_carea' id='block_1_4' title="bbox 129 2579 718 2650">
    <p class='ocr_par' dir='ltr' id='par_1_12' title="bbox 129 2579 718 2650">
     <span class='ocr_line' id='line_1_26' title="bbox 129 2579 718 2650; baseline 0.002 -18"><span class='ocrx_word' id='word_1_167' title='bbox 129 2584 180 2634; x_wconf 77' lang='lat'><strong>525</strong></span> <span class='ocrx_word' id='word_1_168' title='bbox 199 2579 362 2650; x_wconf 88' lang='lat' dir='ltr'><strong>ipsumque]</strong></span> <span class='ocrx_word' id='word_1_169' title='bbox 382 2580 718 2648; x_wconf 68' lang='grc'><strong>11111105,·1101110111000.</strong></span> 
     </span>
    </p>
   </div>
   <div class='ocr_carea' id='block_1_5' title="bbox 0 0 1227 3878">
    <p class='ocr_par' dir='ltr' id='par_1_13' title="bbox 0 0 1227 3878">
     <span class='ocr_line' id='line_1_27' title="bbox 0 0 1227 3878; baseline 0 0"><span class='ocrx_word' id='word_1_170' title='bbox 0 0 1227 3878; x_wconf 95' lang='lat' dir='ltr'><strong> </strong></span> 
     </span>
    </p>
   </div>
  </div>
 </body>
</html>
