2392 3870
98 167 197 237 (VIII.)
210 165 393 221 PANEGYR.
408 165 456 220 DE
472 165 617 245 QVARTO
632 165 847 222 CONSVLATV
862 167 1025 225 HONORH.
1047 170 1111 234 115

93 328 210 393 Adfuit
234 328 405 393 ominibus.
442 327 598 392 Tenebris
621 328 800 394 involverat
823 333 894 394 atra

93 419 217 482 Lumen
238 416 343 481 hiems
368 417 547 500 densosque
570 416 679 482 Notus
703 418 877 504 collegerat
900 418 1029 485 imbres,

94 506 157 570 Sed
179 528 268 590 mox,
292 528 365 569 cum
389 505 485 570 solita
507 506 601 569 miles
624 510 657 570 te
680 528 758 571 voce
780 507 932 593 levasset,

92 595 216 662 Nubila
239 595 389 658 dissolvit
411 594 563 658 Phoebus
586 595 771 679 pariterque
795 595 955 660 dabantur
1059 614 1110 663 110

95 683 227 768 Sceptra
250 683 311 747 tibi
334 683 518 767 mundoque
542 682 621 747 dies:
646 683 783 769 caligine
806 684 889 748 liber

93 772 282 856 Bosphorus
307 772 472 836 adversam
495 772 619 855 patitur
644 771 846 837 Calchedona
869 773 963 838 cerni.

93 861 162 926 Nec
184 865 313 925 tantum
335 861 440 925 vicina
462 861 582 946 nitent,
605 861 662 924 sed
683 865 754 926 tota
776 862 915 945 repulsis

92 950 245 1015 Nubibus
268 950 397 1013 exuitur
420 949 556 1035 Thrace,
578 949 728 1035 Pangaea
750 950 897 1015 renident

92 1037 306 1122 insuetosque
329 1039 423 1122 palus
447 1038 555 1103 radios
578 1038 720 1102 Maeotia
743 1039 858 1104 vibrat.

94 1128 163 1192 Nec
186 1128 307 1192 Boreas
329 1127 459 1191 nimbos
482 1131 538 1191 aut
562 1127 612 1191 sol
635 1127 799 1191 ardentior
822 1128 904 1214 egit:

93 1215 224 1300 imperii
247 1216 304 1279 lux
327 1216 385 1280 illa
407 1215 486 1301 fuit,
509 1237 685 1302 praesagus
709 1216 821 1280 obibat

96 1304 219 1368 Cuncta
240 1304 330 1368 nitor
352 1303 487 1386 risitque
510 1308 568 1368 tuo
590 1309 707 1368 natura
731 1327 851 1368 sereno

93 1393 174 1456 Visa
197 1392 295 1456 etiam
318 1391 422 1456 medio
446 1393 576 1476 populis
598 1393 793 1457 mirantibus
817 1393 920 1457 audax

94 1481 195 1546 Stella
218 1481 282 1567 die,
306 1481 481 1545 dubitanda
503 1481 587 1545 nihil
608 1504 668 1546 nec
691 1482 777 1546 crine
800 1486 910 1546 retuso

92 1570 273 1656 Languida,
298 1570 353 1633 sed
376 1575 517 1653 quantus
540 1574 729 1634 numeratur
750 1574 845 1635 nocte
868 1571 1002 1657 Bootes,

92 1659 299 1742 Emicuitque
322 1659 429 1744 plagis
453 1659 550 1723 alieni
572 1660 728 1743 temporis
751 1660 870 1743 hospes

92 1746 183 1833 Ignis
207 1752 239 1811 et
263 1747 395 1833 agnosci
418 1747 539 1833 potuit,
563 1770 635 1811 cum
658 1749 735 1813 luna
757 1749 886 1813 lateret:

94 1835 168 1899 Sive
192 1857 308 1919 parens
330 1834 481 1921 Augusta
504 1836 581 1921 fuit,
605 1858 661 1900 seu
683 1838 768 1901 forte
790 1837 908 1901 reluxit

92 1924 168 1987 Divi
193 1924 280 1987 sidus
305 1923 371 2008 avi,
395 1929 506 1987 seuto
489 1926 778 2010 oproperantibus
800 1925 881 1990 Aret
882 1927 911 1990 is
1058 1945 1109 1994 190
1175 1974 1178 1979 ‚

95 2012 230 2077 Cernere
255 2012 305 2075 sol
328 2012 454 2113 patiens
478 2013 601 2077 caelum
625 2036 792 2079 commime
815 2015 948 2080 remisit.

92 2101 237 2184 Adparet
261 2100 387 2184 quid
361 2123 455 2188 signa
477 2102 592 2167 ferant.
637 2103 784 2168 Ventura
806 2108 952 2189 potestas

94 2189 218 2254 Claruit
240 2188 395 2275 Ascanio,
419 2191 527 2255 subita
550 2213 623 2256 cnm
645 2192 716 2256 luce
740 2214 903 2257 comarum

91 2277 254 2342 innocuus
277 2243 429 2365 flagraiet
452 2302 534 2364 apex
556 2279 765 2366 Phrygioque
787 2282 879 2346 volut
865 2287 919 2345 uts

91 2367 220 2431 Vertice
243 2367 352 2431 fatalis
376 2368 577 2432 redimirett
526 2371 709 2452 ttempora
732 2370 859 2434 candor.

91 2456 136 2520 At
159 2460 215 2520 tua
240 2457 393 2520 caelestes
415 2457 592 2520 inlustrant
616 2457 724 2520 omina
746 2458 902 2521 flammae.

92 2544 179 2608 Talis
203 2545 243 2608 ab
266 2543 371 2608 Idaeis
394 2544 578 2627 primaevus
601 2543 747 2628 Iuppiter
770 2544 872 2608 antris

91 2633 239 2696 Pcssessi
263 2633 355 2695 stetit
379 2654 450 2696 arco
473 2632 541 2715 poli
564 2633 767 2716 famulosque
791 2631 911 2716 recepit

91 2721 218 2786 Natura
240 2719 388 2783 tradente
411 2719 501 2804 deos,
524 2719 677 2805 lanugine
699 2721 843 2786 nondum

90 2809 280 2873 Vemabant
302 2808 413 2872 mltus
436 2829 495 2871 nec
517 2807 622 2872 adhuc
643 2831 701 2893 per
724 2810 808 2874 colla
829 2810 973 2874 fluebant
1054 2827 1108 2877 200

91 2898 162 2962 Mot
148 2903 240 2961 turae
264 2919 406 2961 convexa
429 2900 590 2982 comae,t
591 2897 813 2963 umscindere
835 2899 938 2963 nubes

90 2987 245 3051 Discebat
231 2987 453 3086 tfulmenque
476 2949 585 3050 rudit
571 2989 722 3070 torquere
745 2987 875 3052 lacerto

157 3075 247 3140 Laet
224 3079 289 3140 tror
312 3074 448 3161 augurio
471 3074 600 3161 genitor
622 3076 773 3159 natisque
797 3069 955 3160 superbus

90 3162 160 3227 Iam
182 3164 316 3248 paribus
339 3162 459 3247 duplici
482 3163 546 3228 fult
532 3167 586 3228 tus
609 3169 759 3229 consorte
781 3165 907 3230 redibat

92 3252 287 3336 Splendebat
289 3273 350 3336 que
373 3252 428 3336 pio
452 3253 637 3336 complexus
660 3253 797 3340 pignora
820 3276 925 3320 curru.
1055 3270 1104 3319 20⁶

91 3340 188 3404 Haud
210 3341 269 3405 alit
255 3346 304 3404 ter
327 3363 452 3405 summo
476 3341 596 3426 gemini
620 3363 692 3406 cum
714 3347 771 3427 pat
772 3366 806 3408 re
757 3343 986 3427 tLacones,

158 3537 212 3585 190
226 3531 336 3604 Aratis]
352 3549 416 3605 400,-
434 3535 481 3590 ast
481 3534 532 3594 ris.

892 3623 935 3679 g*
