2392 3870
268 132 337 202 (111.)
361 131 402 185 IN
421 131 591 186 RVFINVM
610 133 718 186 LIBER
737 132 881 188 PRIMVS.
1036 135 1077 198 19

58 292 218 357 Arcadiae
242 293 362 357 saltum
380 293 530 358 vastabat
554 291 704 357 dentibus
726 314 828 359 unum

60 381 183 446 Saevus
207 403 296 467 aper,
319 385 419 465 tuque
443 403 462 445 o
487 403 559 445 curn
581 403 693 465 pressa
715 386 818 446 matre
842 382 972 447 rebellis

58 469 138 535 Non
159 469 247 534 ultra
268 469 391 554 Libyae
414 471 508 555 fares,
531 468 669 556 Antaeo,
691 471 840 556 nocebas,

58 557 201 642 Solaque
224 559 379 623 fulmineo
402 559 576 623 resonabat
600 558 696 624 Creta
718 559 851 624 iuvenco

57 646 299 731 Lernaeamque
320 647 428 712 virens
452 646 621 711 obsederat
644 647 747 731 hydra
769 646 927 732 paludem.
1024 665 1076 716 290

57 734 132 799 Hoc
154 740 337 800 monstrum
359 757 427 800 non
448 758 513 799 una
534 736 629 819 palus
635 788 643 821 ,
666 757 733 801 non
755 759 819 800 una
842 737 1001 802 tremebat

56 821 184 910 Insula,
208 824 265 888 sed
285 824 380 889 Latia
403 823 560 908 quidquid
582 824 706 890 dicione
729 825 900 889 subactum

58 912 164 998 Vivit,
188 917 220 976 et
243 935 262 978 a
284 913 398 997 primis
422 911 551 999 Ganges
574 912 728 977 horrebat
750 911 891 977 Hiberis.

56 999 131 1064 Hoc
153 1023 257 1084 neque
281 1000 411 1085 Geryon
432 1001 551 1084 triplex
573 1022 633 1065 nec
654 1001 805 1065 turbidus
828 1000 903 1066 Oroi

55 1087 183 1153 Ianitor
205 1089 358 1173 aequabit
379 1110 439 1154 nec
462 1089 490 1153 si
512 1094 682 1154 concurrat
705 1090 740 1155 in
761 1112 862 1154 unum
1023 1109 1075 1159 tas

56 1176 119 1241 Vis
141 1177 262 1260 hydrae
286 1176 475 1262 Scyllaeque
498 1178 599 1242 fames
622 1183 654 1243 et
677 1180 807 1242 flamma
831 1177 1039 1266 Chimaerae.¹

128 1265 298 1330 Certamen
320 1267 458 1330 sublime
482 1266 550 1351 diu,
573 1266 630 1330 sed
651 1267 796 1331 moribus
818 1266 924 1350 impar

57 1351 229 1418 Virtutum
252 1354 471 1439 scelerumque
494 1355 565 1419 fult.
610 1354 763 1441 Iugulare
785 1354 940 1419 minatur:

57 1441 110 1504 Tu
131 1443 298 1529 prohibes3
321 1443 420 1508 ditem
443 1443 576 1527 spoliat:
599 1446 637 1506 tu
659 1442 766 1507 reddis
790 1442 911 1529 egenti3

56 1529 168 1595 Eruit:
191 1531 367 1618 instauras3
389 1531 535 1597 accendit
557 1531 693 1616 proelia:
717 1529 827 1595 vincis.
1022 1551 1074 1599 300

55 1617 108 1683 Ac
129 1620 219 1684 velut
240 1620 360 1685 infecto
383 1620 518 1685 morbus
541 1620 725 1684 crudescere
748 1621 836 1684 caclo
1109 1644 1112 1650 ’

55 1704 218 1791 Incipiens
240 1709 362 1792 primos
384 1707 543 1793 pecudum
566 1708 749 1792 depascitur
771 1712 870 1793 artus,

56 1794 137 1858 Mox
159 1797 298 1882 populos
320 1797 481 1881 urbesque
504 1797 590 1881 rapit
612 1797 781 1880 ventisque
803 1796 945 1881 perustis

59 1882 239 1968 Corruptos
262 1885 411 1973 Stygiam
433 1889 559 1970 pestem
582 1886 716 1950 desudat
739 1886 775 1949 in
797 1907 919 1949 amnes:

58 1970 114 2036 Sic
136 1973 249 2037 avidus
271 1973 389 2060 praedo
412 1974 478 2038 iam
500 1996 568 2038 non
589 1996 647 2057 per
670 1974 798 2061 singula
822 1973 931 2038 saevit.
1021 1990 1073 2041 aco

56 2059 123 2124 Sed
144 2061 280 2146 sceptris
303 2063 421 2127 inferre
444 2062 549 2126 minas
573 2063 724 2145 omnique
746 2066 913 2146 perempto

55 2148 164 2214 Milite
186 2149 349 2215 Romanas
373 2151 464 2215 ardet
486 2154 690 2234 prosternere
712 2152 806 2236 vires,
905 2174 908 2178 ’

53 2236 190 2321 Iamque
209 2238 307 2304 Getas
325 2239 539 2323 Histrumque
559 2244 667 2304 movet
682 2238 911 2323 Scythiamque
930 2243 1073 2323 receptat

53 2324 191 2391 Auxilio
214 2327 378 2412 traditque
400 2349 476 2392 suas
499 2327 674 2392 hostilibus
698 2328 797 2392 annis
1151 2327 1153 2332 ’

54 2413 246 2498 Relliquias.
291 2415 406 2480 Mixtis
429 2415 592 2480 descendit
615 2415 763 2481 Sarmata
785 2414 883 2479 Dacis
1020 2432 1072 2480 310

53 2501 102 2566 Ilt
126 2503 182 2586 qui
205 2504 391 2588 cornipedes
414 2505 450 2576 in
471 2504 588 2588 poeula
609 2505 758 2570 mlnerat
781 2502 886 2566 audax

53 2590 257 2678 Massagetes
279 2614 468 2677 caesamque
491 2592 606 2657 bibens
628 2592 773 2657 Maeotin
793 2590 920 2655 Alanus

54 2678 266 2764 Membraque
290 2681 345 2764 qui
368 2681 454 2745 ferro
477 2680 596 2767 gaudet
618 2681 763 2765 pinxisse
787 2679 939 2763 Gelonus,

54 2767 178 2833 Rufino
201 2768 337 2834 collecta
358 2791 481 2834 manus
526 2769 626 2833 Vetat
650 2769 706 2833 ille
729 2768 858 2832 domare

52 2853 260 2941 Innectitque
282 2879 389 2922 moras
413 2860 445 2921 et
468 2878 612 2944 congrua
633 2861 780 2941 tempora
803 2856 918 2920 differt.
1019 2871 1074 2920 315

53 2943 144 3009 Nam
165 2949 223 3010 tua
245 2966 318 3010 cum
342 2944 471 3011 Geticas
495 2947 664 3011 stravisset
689 2945 800 3010 dextra
824 2948 977 3028 catervas,

53 3031 136 3097 Vlta
160 3033 250 3098 ducis
273 3033 354 3098 socii
376 3034 487 3119 letum,
509 3057 648 3118 parsque
671 3056 736 3098 una
758 3036 902 3098 maneret

52 3121 206 3186 Debilior
227 3122 397 3205 facilisque
419 3122 504 3208 capi,
526 3127 605 3186 tunc
628 3123 747 3206 impius
770 3122 826 3186 ille

51 3209 209 3275 Proditor
230 3210 358 3294 imperii
381 3211 630 3294 coniuratusque
654 3209 808 3275 Getarum

125 3425 178 3476 287
187 3415 262 3474 'cum
274 3421 385 3492 pressa]
400 3423 514 3492 ccrtpsc';
533 3437 704 3492 cumpressa‚
719 3435 886 3491 compressa
949 3423 1002 3472 314
1021 3417 1072 3471 do·

49 3491 144 3563 marc]
163 3490 289 3560 Μήνη
309 3490 426 3546 domari.

820 3578 857 3631 2*
