2392 3870
132 170 176 234 84
462 166 609 222 CLAVDII
628 167 827 222 CLAVDIANI

131 331 171 396 In
194 331 371 396 Stilichone
395 328 496 414 salus,
519 332 551 392 et
575 329 665 392 cuius
690 350 814 412 semper
837 329 987 392 acerbum

132 419 364 506 ingratumque
388 417 451 481 sibi
474 416 634 480 factorum
657 417 803 480 conscius
826 417 942 481 horror

135 507 277 573 Credidit
300 506 486 590 adventum,
510 526 605 588 quem
629 506 656 568 si
679 505 849 588 procedere
871 510 999 569 tantum

132 595 272 679 Alpibus
295 593 473 678 audissent,
496 597 633 657 mortem
656 615 839 677 poenasque
862 594 1057 679 tremebant,
1096 610 1148 661 555

132 684 201 748 15111
225 683 332 748 51111511
355 682 480 746 venisse
503 682 630 766 volunt,
654 682 872 765 scelerumque
894 683 1039 766 priorum

133 772 297 856 Paenitet3
319 771 381 834 hoc
404 770 505 833 tantis
528 769 688 833 bellorum
711 770 799 833 sidus
822 771 857 833 in
879 771 973 834 undis

133 861 284 944 Sperant‚
306 860 368 923 hoc
390 858 511 940 pariter
533 858 612 921 iusti
636 862 808 941 sontesque
831 863 1014 942 precantur:

134 947 199 1013 Ceu
222 947 326 1032 pueri,
350 946 468 1030 quibus
491 946 557 1009 alta
580 950 672 1029 pater
694 949 784 1009 trans
808 968 947 1030 aequora
970 969 1091 1012 merces

132 1034 284 1120 Devehit,
306 1035 424 1098 intenti
446 1033 522 1098 ludo
547 1034 725 1117 studiisque
749 1035 848 1099 soluti
1095 1052 1148 1101 515

132 1125 245 1188 Latius
269 1126 376 1187 amoto
399 1122 521 1205 passim
544 1122 676 1186 custode
699 1126 871 1208 vagantum

134 1212 168 1277 Si
191 1213 299 1297 gravis
323 1210 443 1275 auxilio
466 1232 583 1274 vacuas
606 1211 759 1274 invaserit
783 1210 875 1274 aedes

133 1300 268 1364 Vicinus
292 1299 478 1381 laribusque
502 1299 568 1362 suis
590 1299 761 1382 proturbet
783 1300 920 1385 multoe,

133 1388 216 1453 Tum
239 1388 366 1452 demum
388 1390 514 1470 patrem
536 1387 711 1470 implorant
736 1391 767 1451 et
789 1408 908 1451 nomen
929 1387 1018 1450 inani

132 1476 221 1542 Voce
245 1478 329 1540 cient
352 1475 537 1558 frustraque
561 1475 671 1538 oeulos
695 1474 735 1537 ad
758 1474 855 1539 litora
878 1475 1022 1539 tendunt.
1095 1492 1148 1540 515

201 1564 319 1628 Omnes
344 1563 501 1646 supplicio
526 1562 640 1648 dignos
663 1563 793 1646 letoque
816 1564 972 1648 fatentur,

134 1652 196 1729 Qui
220 1674 253 1715 se
276 1651 466 1716 tradiderint
489 1650 619 1714 famulis
643 1650 820 1715 Stilichone
843 1652 964 1717 relicto.

133 1740 253 1804 Mutati
269 1743 427 1823 stupuere
450 1739 504 1802 diu
528 1760 686 1822 sensuque
709 1738 841 1803 reducto

133 1827 296 1892 Paulatim
317 1827 440 1910 proprii
463 1826 621 1891 mirantur
643 1831 788 1891 monstra
811 1828 930 1891 furoris

134 1915 359 1998 Avertuntque
383 1915 493 1978 oeulos
517 1912 683 2000 (proiectis
706 1916 848 1980 fascibus
871 1916 982 1981 horret
1095 1934 1148 1983 555

133 2005 245 2068 Lictor
268 2006 299 2066 et
322 2002 458 2066 infames
481 2003 636 2066 labuntur
659 2008 774 2087 sponte
798 2003 951 2091 secures):

136 2090 254 2168 Quales
276 2090 383 2155 Aonio
406 2090 533 2153 Thebas
557 2091 727 2156 demente
750 2114 894 2156 reversae

135 2179 306 2243 Maenades
329 2179 457 2242 infectis
480 2178 624 2243 Pentheo
648 2181 803 2266 sanguine
826 2181 961 2265 thyrsiS,

137 2267 218 2332 Cum
241 2267 346 2351 patuit
369 2271 504 2330 venatus
528 2271 621 2331 atrox
643 2269 803 2352 matrique
825 2274 968 2333 rotatum

137 2355 337 2440 Conspexere
361 2358 469 2440 eaput,
492 2377 623 2440 gressus
647 2357 783 2442 caligine
806 2358 912 2442 figrmt
1095 2374 1148 2422 555

135 2445 180 2509 Et
203 2445 325 2508 rabiem
349 2443 469 2508 desisse
492 2443 609 2508 dolent.
657 2444 741 2521 Quin
763 2446 912 2529 protinus
935 2447 1005 2529 ipsa

135 2533 251 2597 Tendit
274 2533 314 2597 ad
336 2531 465 2596 Italiam
489 2532 624 2615 supplex
646 2532 774 2597 Aurora
796 2537 961 2617 potentem

62 2631 67 2641 '
135 2621 213 2685 Non
234 2621 332 2684 radiis
355 2621 503 2685 redimita
526 2642 663 2706 comam,
685 2643 752 2685 non
774 2623 921 2686 flammea
943 2621 1037 2686 vultu

135 2707 204 2773 Nee
228 2730 374 2773 croceum
396 2709 514 2773 vestita
537 2709 633 2793 diem3
657 2713 722 2774 stat
745 2709 843 2773 livida
865 2711 969 2794 luctu,

137 2795 249 2872 Qualis
272 2802 354 2881 erat,
377 2797 519 2884 Phrygio
543 2801 666 2884 tegeret
690 2819 762 2862 cum
785 2797 956 2862 Memnona
979 2798 1084 2862 busta.

138 2883 241 2960 Quam
265 2884 361 2947 simul
385 2886 517 2970 agnovit
541 2885 676 2950 Stilicho
699 2907 759 2949 nee
782 2907 878 2950 eausa
900 2886 1036 2971 latebat,
1096 2903 1147 2952 531

138 2971 286 3056 115511111;
308 2972 365 3035 1115
388 2995 519 3036 manum
541 2974 705 3038 victricem
728 2975 874 3057 amplexa
897 2978 1042 3039 moratur

136 3058 278 3144 Altaque
301 3061 355 3124 vix
377 3061 548 3126 lacrimans
571 3063 656 3126 inter
679 3062 817 3146 suspiria
840 3062 939 3127 fatur:

204 3148 360 3212 ‘Tantane
383 3153 415 3212 te
437 3151 542 3213 nostri
565 3155 717 3234 ceperunt
740 3152 845 3215 taedia
868 3151 1002 3215 mundi?

137 3236 190 3301 Sic
213 3257 264 3300 me
286 3237 462 3301 ludibrium
484 3238 614 3303 famulis
638 3239 801 3322 risumque
824 3240 979 3324 relinquis
1097 3255 1148 3305 535

136 3324 212 3388 Dux
235 3324 395 3407 quondam
418 3329 586 3409 rectorque
608 3328 721 3392 meus?
744 3328 909 3412 solamque
932 3328 1033 3392 tueris

136 3411 350 3495 Hesperiam?
373 3413 487 3477 domiti
508 3436 567 3479 nec
589 3420 622 3480 te
644 3419 719 3500 post
742 3416 827 3480 bella
850 3417 980 3501 tyranni

139 3499 274 3564 Gemere
297 3503 361 3566 iam
384 3502 498 3566 licuit?
543 3502 596 3570 Sic
618 3510 651 3568 te
674 3504 809 3569 victoria
831 3506 926 3570 nobis
