2392 3870
246 110 303 181 (v.)
321 111 362 165 ru
380 110 546 167 arrmvu
566 112 675 167 urana
693 112 892 171 sncrnuvs.
1031 116 1075 181 23

418 365 473 437 IN
500 365 723 439 RVFINVM

474 543 598 604 LIBER
621 545 660 604 ΙΙ.

543 676 603 744 (V.)

127 801 197 867 Iam
219 805 295 887 post
318 801 476 867 edomitas
498 800 599 886 Alpes
622 802 815 888 defensaque
838 828 938 892 regna

59 890 236 976 Hesperiae
258 891 374 957 merita
397 891 583 975 complexus
603 891 675 956 sede
697 897 864 977 parentem

58 979 197 1046 Auctior
218 978 342 1044 adiecto
365 979 513 1066 fulgebat
536 978 638 1044 sidere
660 981 809 1067 mrmdus‚

59 1067 193 1153 Iamque
215 1067 295 1154 tuis,
318 1066 471 1153 Stilicho,
492 1067 639 1132 Romana
660 1069 807 1152 potentia
830 1071 915 1136 curis

58 1158 105 1222 Et
128 1179 235 1221 rerum
259 1155 450 1221 commissus
473 1178 567 1241 apex,
590 1157 652 1221 tibi
675 1158 796 1222 credIta
818 1159 956 1224 fratrum
1058 1177 1075 1227 ⁶

58 1245 207 1330 Utraque
229 1245 381 1310 maiestas
404 1243 614 1331 geminaeque
637 1245 795 1311 exereitus
818 1248 919 1312 aulae.

58 1333 198 1398 Rufinus
221 1331 338 1420 (neque
362 1333 448 1398 enim
469 1332 639 1417 patiuntur
661 1355 756 1398 saeva
779 1335 919 1418 quietem

60 1421 203 1488 Crimina
224 1421 432 1506 pollutaeque
454 1425 576 1508 negant
598 1443 741 1487 arescere
762 1421 886 1510 fauces)

58 1510 205 1576 Infandis
227 1510 345 1575 iterum
367 1514 470 1574 terras
494 1509 664 1575 accendere
687 1510 782 1575 bellis

58 1598 195 1664 Inchoat
218 1602 250 1663 et
273 1599 371 1664 solito
394 1621 506 1683 pacem
529 1619 644 1663 vexare
667 1600 819 1664 tumultu.
1041 1617 1075 1667 10

59 1687 150 1752 Haec
172 1686 269 1752 etiam
292 1709 413 1752 secum:
437 1685 601 1763 ‘Quanam
624 1687 749 1751 ratione
770 1688 887 1752 tuebor

60 1775 157 1860 Spem
178 1775 264 1840 vitae
286 1775 459 1862 fragilem?
496 1797 561 1858 qua
582 1779 633 1840 tot
657 1775 814 1859 depellere
836 1777 954 1841 fluctus

58 1863 141 1929 Arte
164 1865 300 1948 queam?
331 1864 467 1929 Premor
488 1863 565 1928 hinc
588 1863 684 1949 odiis,
707 1864 782 1929 hine
804 1864 907 1929 milite
931 1865 1052 1951 cingor.

58 1952 133 2017 Heu
157 1952 233 2036 quid
256 1953 373 2040 agam?
404 1974 472 2017 non
494 1973 583 2016 arma
605 1952 699 2037 mihi,
720 1975 788 2018 non
809 1953 964 2037 principis
986 1953 1075 2017 ullus

58 2039 245 2107 Auxiliatur
268 2063 365 2106 amor.
411 2041 541 2105 Matura
562 2040 706 2124 pericula
728 2045 866 2127 surgrmt
1041 2057 1075 2106 15

58 2128 210 2213 Vndique
233 2133 265 2194 et
287 2128 433 2214 impositi
455 2128 583 2193 radiant
606 2129 783 2194 cervicibus
807 2151 907 2193 enses.

59 2216 145 2295 Quid
166 2221 282 2302 restat,
303 2218 367 2282 nisi
391 2220 506 2282 cuncta
527 2238 613 2281 novo
637 2217 831 2282 confimdere
854 2218 944 2282 luctu

57 2304 273 2390 Insontesque
295 2328 385 2371 meae
408 2305 547 2389 populos
570 2305 704 2370 miscere
727 2306 861 2370 ruinae?

57 2394 182 2459 Everso
205 2394 296 2460 iuvat
319 2395 397 2459 orbe
420 2393 517 2479 mori3
541 2393 661 2458 solacia
683 2394 749 2459 leto

57 2481 206 2547 Exitium
229 2504 397 2547 commune
421 2481 511 2548 dabit
533 2503 593 2546 nec
615 2482 748 2546 territus
772 2484 846 2545 ante
1040 2497 1075 2547 20

56 2570 243 2636 Discedam:
267 2592 340 2635 cum
362 2571 434 2635 luce
458 2569 555 2634 simul
578 2569 752 2653 linquenda
774 2569 944 2653 potestas'.

126 2657 215 2724 Haec
236 2660 338 2744 fatus,
361 2658 466 2723 ventis
489 2657 591 2723 veluti
614 2658 642 2722 si
665 2658 755 2722 frena
777 2657 919 2722 resolvat

55 2746 195 2833 Aeolus,
218 2748 357 2831 abrupto
380 2750 494 2833 gentes
517 2745 565 2810 sic
587 2745 678 2810 obice
700 2746 785 2811 fudit

55 2835 258 2920 Laxavitque
280 2835 368 2900 viam
390 2835 485 2900 bellis
509 2838 554 2919 et,
576 2856 617 2898 ne
641 2855 705 2917 qua
726 2838 870 2899 maneret

55 2922 206 2989 Inmunis
229 2924 333 3010 regio,
356 2924 479 2989 cladem
502 2921 611 2987 divisit
634 2922 668 2986 in
691 2922 803 2986 orbem
1040 2938 1071 2988 25

54 3012 293 3097 Disposuitque
314 3013 415 3077 nefas.
460 3009 528 3076 Alii
550 3032 608 3094 per
630 3014 723 3097 terga
744 3010 862 3074 ferocis

54 3099 202 3166 Danuvii
225 3100 364 3166 solidata
385 3103 484 3165 ruunt
508 3103 703 3182 expertaque
726 3121 832 3163 remos

54 3187 230 3274 Frangunt
252 3192 369 3276 stagna
391 3187 486 3273 rotis3
510 3186 565 3251 alii
587 3209 646 3271 per
669 3186 785 3272 Caspia
808 3187 950 3252 claustra

54 3275 294 3362 Armeniasque
316 3278 407 3342 nives
429 3276 562 3360 inopino
585 3274 715 3340 tramite
738 3275 827 3340 ducti

54 3361 225 3429 Invadunt
245 3363 387 3432 Orientis
410 3387 496 3450 opes.
541 3362 611 3428 Iam
633 3385 753 3448 pascua
774 3364 901 3429 firmant
1041 3381 1077 3429 30

56 3449 289 3533 Cappadocum
310 3455 542 3538 volucrumque
563 3474 680 3536 parens
703 3451 851 3538 Argaeus
874 3472 1040 3537 equorum,
