2392 3870
133 170 176 234 94
456 169 602 225 CLAVDII
620 168 819 223 CLAVDIANI

132 332 207 396 Iura
230 335 349 396 tenent.
393 330 524 415 Fateor,
548 330 700 415 Stilicho,
722 352 789 394 non
810 353 910 414 parva
932 331 1081 415 poposci,

133 420 196 485 Sed
218 425 303 484 certe
326 441 450 483 mereor
472 419 621 503 princeps
644 419 705 482 hoc
728 419 873 502 principe
894 423 1005 503 natus,
1113 435 1145 483 35

134 508 195 585 Qui
219 509 282 572 sibi
304 512 337 572 te
359 529 513 593 generum
536 508 678 570 fraterna
700 507 791 590 prole
814 507 967 591 revinxit,

135 597 194 660 Oui
217 596 355 660 Mariam
378 596 481 659 debes.
527 594 653 658 Faenus
677 595 758 658 mihi
782 596 870 658 solve
892 600 1076 680 paternum,

132 685 240 749 Redde
264 707 340 749 suos
364 684 464 748 aulae.
509 683 615 747 Mater
637 684 774 747 fortasse
798 684 907 769 rogari

132 773 271 852 Mollior.
317 771 344 836 Ο
367 772 476 856 patrui
499 793 643 857 germen,
666 772 718 836 cui
740 772 880 835 nominis
904 772 996 835 heres

134 861 292 946 Successi,
315 860 452 925 sublime
477 860 571 924 decus
595 860 749 924 torrentis
772 859 901 945 Hiberi,
1112 877 1146 925 40

134 948 240 1032 Stirpe
263 971 367 1033 soror,
389 950 509 1032 pietate
532 969 661 1033 parens,
683 947 746 1012 tibi
771 948 910 1012 creditus
932 948 1040 1012 infans

132 1035 234 1120 inque
257 1042 313 1101 tuo
338 1036 422 1101 crevi
445 1037 582 1122 gremio,
605 1041 763 1120 partuque
786 1040 910 1100 remoto

133 1125 182 1189 Tu
205 1125 313 1209 potius
335 1124 489 1190 Flaccilla
511 1125 600 1189 mihi.
648 1124 731 1201 Quid
754 1125 869 1189 dividis
893 1146 970 1212 ergo

132 1214 297 1299 Pignora?
320 1213 398 1297 quid
420 1213 528 1277 iuveni
550 1217 661 1277 natam
682 1235 749 1276 non
772 1213 877 1276 reddis
900 1214 1054 1288 alumno?

134 1302 314 1386 Optatusne
338 1302 405 1366 dies
428 1302 553 1366 aderit?
577 1301 746 1365 dabiturne
768 1302 887 1387 iugalis
1111 1319 1144 1366 45

132 1391 207 1456 Nox
229 1391 416 1473 umquam?'

459 1476 532 1542 Tali
556 1477 680 1541 solatur
701 1477 835 1541 vulnera
859 1481 983 1561 questu.

132 1568 219 1631 Risit
241 1565 343 1631 Amor
364 1566 571 1650 placidaeque
593 1566 683 1630 volat
705 1569 796 1630 trans
819 1588 958 1649 aequora
980 1567 1076 1630 matri

131 1656 275 1720 Nuntius
299 1659 330 1719 et
353 1659 440 1719 totas
463 1654 637 1719 iactantior
659 1655 798 1738 explicat
821 1655 898 1719 alas.

198 1743 293 1807 Mons
316 1745 402 1808 latus
425 1743 553 1807 Ionium
577 1742 675 1826 Cypri
697 1747 889 1826 praeruptus
914 1743 1104 1828 obumbrat,

131 1829 242 1895 invius
265 1831 405 1895 humano
428 1853 555 1916 gressu,
578 1830 795 1914 Phariumque
819 1831 924 1895 cubile

132 1920 268 1983 Proteos
292 1923 324 1983 et
347 1923 470 2003 septem
493 1919 656 2002 despectat
680 1941 799 1984 cornua
822 1918 900 1984 Nili.

132 2008 228 2072 Hunc
250 2008 338 2071 venti
361 2008 490 2091 pulsare
513 2006 642 2093 timent,
665 2008 750 2072 hunc
773 2008 897 2072 laedere
920 2007 1036 2094 nimbi,

132 2096 228 2168 Hunc
250 2117 353 2178 neque
377 2095 547 2159 candentes
571 2096 689 2160 audent
711 2096 829 2161 vestire
852 2096 992 2179 pruinae.

132 2184 292 2249 Luxuriae
314 2183 495 2266 Venerique
518 2188 619 2248 vacat.
664 2184 744 2248 Pars
768 2185 873 2249 acrior
896 2185 972 2248 anni

132 2273 267 2357 Exulat3
291 2273 411 2336 aeterni
434 2276 523 2355 patet
546 2272 747 2358 indulgentia
770 2273 862 2337 veris.
1005 2351 1006 2355 Ἰ

131 2360 171 2425 In
194 2383 342 2446 campum
365 2382 399 2425 se
422 2360 528 2425 fundit
551 2383 645 2446 apex,
667 2361 753 2425 huno
776 2383 872 2426 aurea
895 2382 1005 2444 saepes

135 2450 258 2516 Circuit
281 2454 313 2515 et
336 2449 425 2514 fulvo
449 2449 591 2513 defendit
613 2453 707 2533 prata
729 2450 870 2514 metallo.

132 2539 305 2624 Mulciber,
327 2543 365 2604 ut
386 2538 568 2625 perhibent,
590 2538 643 2602 his
667 2539 777 2602 oscula
800 2537 948 2624 coniugis
972 2536 1049 2601 emit

132 2627 303 2692 Moenibus
328 2631 359 2692 et
382 2627 464 2692 tales
488 2626 622 2691 uxorius
646 2627 767 2691 obtulit
791 2648 887 2691 arces.

132 2713 225 2779 intus
249 2737 324 2779 rura
347 2715 482 2801 micant,
504 2715 655 2779 manibus
679 2736 760 2798 quae
784 2715 914 2780 subdita
937 2712 1036 2778 nullis

132 2802 328 2887 Perpetuum
350 2803 480 2890 florent,
503 2803 650 2888 Zephyro
674 2807 825 2867 contenta
849 2803 977 2886 colono,

132 2891 392 2974 Vmbrosumque
414 2914 541 2977 nemus,
565 2914 629 2975 quo
651 2913 718 2956 non
740 2891 924 2956 admittitur
947 2890 1026 2974 ales,

132 2979 177 3044 Ni
200 2980 316 3064 probet
339 2984 413 3044 ante
437 3002 512 3044 suos
537 2980 610 3043 diva
633 2980 693 3044 sub
717 2980 822 3044 iudice
846 2983 972 3044 cantus:

133 3066 220 3143 Quae
243 3068 379 3153 placuit,
401 3069 522 3132 fruitur
544 3068 657 3154 ramis3
681 3091 762 3150 quae
784 3068 884 3154 victa,
906 3065 1033 3130 recedit.

131 3155 256 3220 Vivunt
279 3156 314 3219 in
336 3156 494 3221 Venerem
516 3157 646 3221 frondes
670 3157 838 3241 omnisque
860 3154 1004 3221 vicissim

132 3243 225 3308 Felix
249 3244 345 3308 arbor
368 3249 468 3331 amat,
490 3249 608 3310 nutant
632 3245 672 3309 ad
693 3250 806 3310 mutua
829 3245 954 3331 palmae

131 3332 286 3417 Foedera,
309 3334 447 3417 populeo
471 3334 613 3418 suspirat
635 3335 775 3419 populus
799 3334 867 3399 ictu

203 3531 236 3580 52
253 3533 316 3595 post
334 3532 367 3580 53
386 3527 551 3594 transposui.
