2392 3870
246 152 354 210 GARM.
373 152 451 237 MIN.
471 153 548 207 XXX
566 152 671 223 (LAVS
690 153 876 224 SERENAE).
1001 155 1067 219 243

60 316 104 380 Te
127 320 220 399 pater
243 316 400 399 amplexu,
438 314 594 391 Quotiens
618 315 659 378 ad
680 315 793 379 limina
815 317 963 400 princeps

60 404 259 468 Theodosius
281 404 428 488 privatus
451 403 555 468 adhuc
578 404 720 468 fraterna
742 404 881 491 veniret,

60 492 178 558 Oscula
200 493 324 557 libabat
347 497 443 576 teque
467 493 508 556 ad
531 515 589 556 sua
612 497 697 557 tecta
720 493 844 557 ferebat

57 583 200 667 Laetior3
222 582 258 645 in
279 586 415 645 matrem
438 581 557 645 teneris
581 603 734 645 conversa
757 583 922 665 querellis:
1018 601 1068 650 100

58 670 154 747 ‘Quid
177 693 227 734 me
251 670 289 734 de
311 671 451 754 propriis
474 670 600 734 auferre
621 670 833 755 penatibus‘?'
856 672 979 755 inquis:

58 759 210 843 ‘Imperat
233 759 286 823 hic
310 760 463 842 semperl'
498 759 671 845 Praesagia
693 760 815 823 luserat
839 783 927 825 error

56 849 102 914 Et
125 848 211 913 dedit
234 849 405 934 augmium
428 848 536 934 regnis
558 848 696 912 infantia
718 849 855 935 linguae.

58 937 222 1003 Defuncto
246 938 391 1023 genitore
414 942 471 1001 tuo
495 937 643 1002 sublimis
666 938 799 1020 adoptat

57 1027 102 1090 Te
124 1031 259 1110 patruus
283 1026 455 1111 magnique
479 1025 585 1090 animo
610 1026 729 1089 solacia
751 1026 858 1089 luctus
1017 1045 1068 1094 100

57 1116 245 1179 Restituens
268 1114 402 1198 propius
426 1136 523 1196 quam
547 1114 574 1177 si
597 1113 761 1199 genuisset
784 1115 903 1178 amavit

57 1203 211 1268 Defuncti
234 1203 344 1266 fratris
368 1202 527 1287 subolem3
549 1224 608 1266 nec
631 1202 734 1265 carior
757 1202 835 1266 olim

57 1293 172 1356 Mutua
194 1291 336 1354 Ledaeos
360 1291 502 1354 devinxit
526 1313 601 1354 cura
623 1291 781 1354 Lacones:

57 1380 191 1445 Addidit
215 1384 247 1443 et
269 1380 401 1463 proprio
424 1401 576 1465 germana
598 1379 755 1444 vocabula
779 1383 856 1442 nato

59 1469 192 1552 Quaque
217 1468 310 1532 datur
332 1468 442 1532 fratris
467 1468 604 1551 speciem
627 1468 689 1531 sibi
712 1468 815 1531 reddit
839 1467 988 1551 adempti.
1019 1487 1068 1534 110

58 1558 205 1640 Denique
228 1579 429 1620 cumrerum
452 1579 594 1621 summas
616 1557 736 1620 electus
759 1556 901 1620 habenas

60 1646 256 1730 Susciperet7
278 1668 345 1710 non
367 1649 441 1709 ante
465 1645 532 1709 suis
555 1645 693 1709 intendit
716 1667 857 1709 amorem

58 1735 255 1821 Pignoribus
278 1757 375 1817 quam
397 1739 430 1798 te
452 1734 573 1818 pariter
595 1734 755 1817 fidamque
779 1755 921 1797 sororem

57 1825 151 1888 Litus
175 1823 214 1886 ad
236 1823 343 1887 Eoum
365 1823 460 1887 terris
484 1823 600 1887 acciret
622 1822 762 1887 Hiberis.

58 1912 225 1976 Deseritur
247 1912 312 1975 iam
334 1912 404 1995 ripa
427 1911 508 1997 Tagi
529 1911 732 1996 Zephyrique
755 1912 875 1976 relictis
1018 1930 1068 1979 115

60 2000 196 2065 Sedibus
221 1999 364 2064 Aurorae
387 2000 525 2065 famulas
548 2004 739 2084 properatur
762 2001 802 2064 ad
824 2001 928 2065 urbes.

125 2088 281 2153 Incedunt
304 2089 449 2175 geminae
471 2089 579 2173 proles
602 2090 744 2154 fraterna
766 2090 904 2173 puellae:

59 2177 136 2242 Inde
160 2177 277 2242 Serena
300 2178 418 2264 minor,
441 2178 530 2261 prior
552 2178 627 2242 hinc
650 2178 857 2242 Thermantia
877 2182 970 2264 natu,

58 2267 216 2350 Expertes
239 2267 387 2352 thalami,
411 2289 547 2350 quarum
571 2267 741 2350 Cythereia
762 2267 898 2330 necdum

59 2355 126 2420 Sub
149 2356 226 2441 iuga
249 2357 386 2421 cervices
408 2357 518 2421 niveas
540 2356 746 2439 Hymenaeus
770 2356 885 2440 adegit.
1018 2373 1069 2420 100

57 2445 202 2527 Vtraque
225 2445 402 2508 luminibus
424 2445 573 2508 timidum
596 2445 706 2528 micat,
729 2448 865 2526 utraque
888 2443 1023 2526 pulchro

58 2533 190 2597 Excitat
214 2555 267 2597 ore
290 2534 384 2596 faces,
422 2533 532 2608 Qualis
555 2532 692 2596 Latonia
714 2531 806 2616 virgo

57 2622 103 2685 Et
127 2623 196 2685 0010
219 2619 295 2685 1000
317 2624 394 2683 0000
418 2642 509 2685 00101
532 2642 605 2683 0010
628 2621 711 2684 forte
734 2619 877 2682 revisunt
958 2625 960 2630 '

57 2709 219 2791 Aequorei
243 2713 362 2799 sortem
384 2709 491 2791 patrui
515 2706 712 2794 (spumantia
736 2708 851 2771 cedunt
913 2747 914 2751 =

38 2794 210 2880 ¹Aequora
233 2801 393 2860 castarum
416 2819 546 2882 gressus
569 2802 719 2861 venerata
742 2796 885 2880 dearum3
1017 2815 1066 2864 125

58 2887 136 2950 Non
158 2887 240 2949 ludit
265 2884 398 2949 Galatea
420 2907 553 2970 procax,
575 2907 641 2949 non
663 2885 830 2968 improbus
854 2886 948 2950 audet

59 2975 203 3061 Tangere
229 2974 430 3057 Cymothoen
451 2974 566 3040 Triton
588 2979 722 3057 totoque
746 2995 872 3038 severos

58 3063 175 3129 Indicit
197 3085 303 3128 mores
326 3063 441 3149 pelago
463 3063 568 3147 pudor
589 3063 723 3146 ipsaque
745 3063 881 3126 Proteus

59 3152 157 3217 Arcet
180 3153 220 3215 ab
244 3153 393 3236 amplexu
415 3152 503 3235 turpi
525 3151 690 3235 Neptunia
712 3149 885 3238 monstra):

59 3242 153 3305 Tales
177 3241 354 3324 sceptriferi
377 3241 503 3305 visurae
525 3244 611 3305 tecta
632 3240 775 3323 parentis
1016 3259 1066 3308 130

59 3331 173 3394 Limen
194 3330 395 3394 Honoriades
418 3334 588 3413 penetrant
611 3330 717 3414 regale
741 3351 875 3394 sorores.

58 3418 181 3483 Ambas
205 3419 259 3482 ille
283 3419 410 3502 quidem
432 3419 537 3502 patrio
562 3418 745 3501 complexus
769 3440 889 3504 amore,

60 3508 122 3572 Sed
145 3508 259 3572 merito
282 3508 385 3591 pietas
407 3508 442 3571 in
464 3512 496 3571 te
518 3508 692 3590 proclivior
715 3508 797 3592 ibat3

808 3609 863 3664 lb*
