2392 3870
375 753 438 824 DE
466 751 618 825 BELLO
649 752 905 826 GILDONIOO

557 931 678 989 LIBER
701 931 724 991 I.

597 1037 682 1133 (ri.)

200 1173 357 1239 Redditus
380 1172 525 1256 imperiis
548 1170 669 1237 Auster
692 1173 899 1257 subiectaque
922 1196 1034 1238 rursus

132 1262 278 1329 Alterius
302 1283 443 1328 convexa
464 1261 541 1344 poli.
586 1261 724 1327 Rectore
747 1262 807 1326 sub
831 1285 896 1327 uno

134 1351 307 1436 Conspirat
330 1350 477 1438 geminus
499 1350 600 1413 frenis
624 1350 847 1414 communibus
871 1350 967 1415 orbis.

133 1439 302 1505 Iunximus
325 1439 479 1522 Europen
500 1438 631 1522 Libyae.
679 1438 857 1504 Concordia
879 1440 1018 1503 fratrum

132 1528 233 1594 Plena
256 1529 348 1593 redit.
392 1527 513 1592 Patriis
538 1528 643 1593 solum
668 1528 754 1611 quod
776 1528 879 1592 defuit
902 1527 1010 1613 armis,
1131 1546 1146 1592 5

133 1616 261 1681 Tertius
286 1617 436 1680 occubuit
459 1616 529 1680 nati
551 1617 671 1681 virtute
694 1620 859 1699 tyrannus.

132 1703 254 1768 Horret
277 1704 381 1769 adhue
404 1703 529 1768 animus
552 1705 786 1789 manifestaque
809 1705 927 1791 gaudia
950 1705 1065 1790 differt,

132 1792 219 1857 Dum
243 1795 352 1877 stupet
375 1796 407 1856 et
430 1795 522 1857 tanto
546 1797 716 1857 cunctatur
739 1794 865 1858 eredere
887 1798 974 1859 voto,

133 1879 280 1946 Necdum
304 1879 480 1965 Cinyphias
504 1881 663 1946 exereitus
687 1881 799 1969 attigit
822 1904 909 1947 oras:

132 1968 203 2034 Iam
226 1968 367 2034 domitus
391 1968 495 2034 Gildo.
541 1968 652 2035 Nullis
674 1970 811 2036 victoria
833 1971 927 2035 nodis
1115 1989 1146 2035 10

132 2057 258 2143 Haesit,
280 2079 349 2123 non
371 2057 476 2142 spatio
499 2060 614 2144 terrae,
635 2081 703 2123 non
726 2059 817 2125 obioe
839 2060 941 2144 ponti.

133 2145 350 2232 Congressum
372 2145 547 2233 profugum
570 2151 700 2231 captum
722 2170 786 2212 vox
807 2149 938 2212 nuntiat
960 2170 1023 2213 una

132 2234 372 2319 Rumoremque
396 2234 446 2298 sui
468 2235 635 2318 praevenit
658 2235 767 2300 laurea
790 2236 877 2301 belli.

132 2323 213 2410 Quo,
235 2346 357 2409 precor,
379 2323 458 2388 haee
481 2325 593 2390 effecta
617 2324 698 2389 deo?
733 2325 881 2390 Robusto
904 2330 1060 2409 vetusque

131 2412 288 2497 Tempore
310 2417 379 2476 tam
401 2435 500 2497 parvo
523 2413 632 2497 potuit
656 2413 815 2478 dementia
837 2414 936 2479 vinei:
1112 2434 1143 2480 15

133 2499 234 2576 Quem
256 2501 388 2566 veniens
411 2501 527 2565 indixit
550 2501 662 2588 hieme,
685 2523 741 2567 ver
763 2501 901 2587 perculit
923 2503 1059 2568 hostem.

198 2589 347 2654 Exitium
369 2590 434 2654 iam
456 2590 561 2654 Roma
582 2590 700 2656 timens
724 2594 756 2655 et
779 2592 865 2655 fessa
886 2592 1015 2678 negatis

130 2674 295 2763 Frugibus
319 2677 359 2741 ad
381 2678 487 2761 rapidi
509 2679 610 2744 limen
633 2678 785 2744 tendebat
808 2678 940 2765 Olympi

130 2763 208 2829 Non
231 2765 329 2830 solito
351 2767 444 2831 11111
466 2788 526 2832 neo
549 2767 654 2851 qualis
679 2767 750 2832 iura
772 2767 939 2832 Britannis

130 2852 255 2918 Dividit
279 2857 334 2918 aut
357 2854 500 2939 trepidos
524 2855 697 2920 summittit
720 2856 862 2920 fasoibus
884 2855 991 2922 Indos.
1110 2875 1144 2922 ao

130 2940 205 3006 Vox
227 2942 334 3007 tenuis
356 2943 504 3026 tardique
527 2945 647 3030 gradus
671 2944 819 3028 oculique
842 2945 982 3010 iacentes

131 3027 286 3116 Interius3
310 3031 422 3118 fugere
444 3054 557 3118 genae3
580 3032 687 3097 ieiuna
709 3033 847 3098 lacertos

131 3117 251 3183 Exedit
274 3120 400 3184 macies.
445 3120 573 3184 Vmeris
596 3120 650 3186 vix
674 3121 812 3186 sustinet
835 3122 940 3208 aegris

131 3205 340 3290 Squalentem
363 3209 513 3294 elipeum3
536 3210 645 3274 laxata
669 3209 791 3274 oasside
813 3211 922 3295 prodit

132 3295 291 3360 Canitiem
312 3298 504 3381 plenamque
526 3298 628 3362 trahit
651 3298 811 3385 rubiginis
833 3300 970 3364 hastam.
1111 3317 1145 3364 25

129 3383 253 3470 Attigit
276 3389 313 3449 ut
335 3386 465 3450 tandem
489 3387 612 3451 eaelum
635 3387 835 3473 genibusque
858 3387 1015 3453 Tonantis

130 3472 319 3562 Procubuit,
340 3474 424 3539 tales
448 3474 572 3540 orditur
594 3479 717 3540 maesta
740 3476 913 3559 querellas:
