2392 3870
327 156 449 227 (XXVI.)
472 155 521 212 DE
540 155 656 212 BELLO
674 155 842 213 eorfflco
1028 157 1090 223 197

75 319 211 386 Aeetam
235 319 437 404 Colchosque
459 324 586 405 petens,
608 319 760 405 propiore
782 319 905 404 periclo

76 409 235 474 Omnibus
258 408 422 494 attonitis,
445 409 534 473 solus
557 412 633 494 post
654 408 788 473 numina
811 407 936 493 Tiphys

74 497 273 562 incolumem
295 497 386 561 tenui
410 497 526 562 damno
551 519 695 563 servasse
718 497 861 562 carinam
1074 514 1091 564 5

74 586 191 650 Fertur
214 590 246 650 et
269 586 444 670 ancipitem
466 586 589 651 montis
612 587 732 651 vitasse
755 586 883 650 ruinam

74 676 282 759 Deceptoque
304 697 405 761 vagae
429 697 587 740 concursu
609 675 700 759 rupis
723 674 759 739 in
784 674 887 738 altum

74 763 251 829 Victricem
275 764 404 827 duxisse
427 768 545 849 ratem3
569 767 720 849 stupuere
744 763 900 848 superbae

74 850 155 917 Arte
177 853 241 917 viri
264 852 405 917 domitae
429 851 661 939 Symplegades
685 857 717 917 et
739 874 824 916 nova
846 874 961 937 passae

73 941 149 1006 Iura
173 941 236 1006 soli
260 942 385 1006 cunctis
408 941 521 1006 faciles
544 941 610 1006 iam
632 941 797 1025 puppibus
819 941 966 1028 haerent,

73 1029 120 1094 Vt
142 1031 230 1095 vinci
254 1030 393 1095 didicere
417 1030 524 1095 semel.
562 1030 685 1107 Quodsi
708 1031 808 1094 ardua
830 1029 961 1114 'l'iphyn

73 1118 177 1184 Navis
202 1119 243 1183 ob
266 1119 424 1183 innocuae
446 1119 599 1183 meritum
622 1119 669 1183 sic
692 1119 798 1205 gloria
821 1119 923 1204 vexit,

75 1207 163 1283 Quae
185 1207 250 1271 tibi
272 1230 331 1292 pro
354 1207 440 1272 tanti
461 1208 557 1292 pulso
581 1207 767 1271 discrimine
789 1208 882 1293 regni

75 1295 246 1360 Sufficient
268 1297 394 1381 laudea,
417 1295 579 1360 Stilicho?
614 1296 706 1361 Licet
729 1296 838 1360 omnia
861 1299 951 1360 vates

74 1383 115 1448 ln
136 1385 242 1449 maius
266 1384 426 1449 celebrata
449 1385 555 1451 ferant
578 1385 746 1469 ipsamque
770 1384 916 1449 secandis

74 1471 233 1559 Argoist
219 1474 368 1538 trabibus
392 1473 513 1539 iactent
537 1474 669 1538 sudasse
691 1473 872 1538 Minervam

74 1561 144 1627 Nec
166 1563 308 1626 nemoris
331 1563 447 1627 muti
438 1563 583 1627 lunxisse
607 1562 749 1627 carentia
773 1584 870 1626 sensu

74 1650 220 1737 Robora,
243 1652 299 1715 sed
322 1673 415 1716 caeso
438 1651 570 1716 Tomari
592 1650 681 1716 Iovis
705 1673 826 1738 augure
849 1651 923 1715 luco

75 1703 220 1803 Arbore
224 1744 417 1826 praesagat
403 1741 533 1804 tabulas
557 1741 717 1805 animasse
740 1741 900 1824 loquaces.

74 1827 221 1892 Plurima
244 1829 300 1892 sed
315 1828 471 1979 tquamuis
495 1829 595 1893 variis
617 1829 774 1894 miracula
797 1828 952 1893 monstris

75 1914 293 2002 Ingeminant
315 1920 443 1980 teneras
466 1917 585 1982 victuri
609 1919 749 1982 carmine
771 1922 909 2005 mentes²

74 2004 339 2088 Harpyiasquet
340 2027 432 2069 ruces
455 2006 671 2090 insopitisque
694 2008 839 2071 refusum

75 2092 172 2157 'l'ract
173 2093 248 2156 ibus
271 2094 376 2157 aurati
400 2095 566 2159 custodem
587 2096 717 2160 velleris
740 2118 879 2183 anguem

75 2181 153 2245 Et
144 2204 221 2267 ruga
243 2186 411 2248 taurorum
434 2183 556 2268 rapidis
580 2185 730 2249 ambusta
752 2185 874 2250 favillis

74 2269 119 2334 Et
142 2271 260 2335 virides
273 2271 386 2372 ’galeis
410 2273 517 2337 sulcos
540 2273 587 2337 fet
573 2278 688 2358 tasque
709 2274 843 2338 novales

74 2357 246 2424 Martist
215 2363 305 2424 etm
270 2366 418 2447 mseget
419 2383 471 2425 em
494 2363 667 2426 crescentis
691 2361 814 2426 semina
836 2360 931 2425 belli:

74 2446 134 2512 Nil
155 2449 241 2512 veris
265 2450 398 2532 aequale
422 2450 553 2514 dabunt.
589 2450 767 2513 Prohibere
791 2470 922 2532 rapaces

75 2535 206 2601 Scilicet
192 2536 393 2637 tHarpyias
416 2560 544 2620 unaque
568 2537 736 2602 excludere
757 2559 870 2601 mensa

73 2624 293 2689 Nobiliortt
251 2625 382 2709 titulus,
407 2647 503 2708 quam
526 2629 577 2688 tot
600 2625 747 2709 potuisse
769 2630 899 2709 paratas

73 2712 114 2777 In
136 2711 223 2775 Latii
246 2712 397 2795 praedam
421 2711 551 2778 Geticas
575 2717 717 2778 avertere
741 2713 872 2778 fauces?

73 2800 168 2866 Anne
192 2821 252 2886 ego
276 2800 456 2886 terrigenas
478 2801 589 2885 potius
612 2802 757 2866 mirabor
779 2802 814 2866 in
836 2802 918 2887 ipsis

73 2889 291 2954 Procubuisse
314 2889 408 2975 satis,
430 2890 516 2954 vitae
540 2891 659 2974 quibus
682 2891 794 2955 attulit
817 2890 903 2956 idem

73 2977 276 3062 Principium
298 2979 460 3063 finemque
483 2978 565 3065 dies,
589 3002 686 3063 quam
710 3001 802 3044 caesa
826 2978 980 3045 Getarum

74 3065 229 3154 Agmina,
254 3089 336 3151 quos
358 3068 460 3132 tantis
484 3067 566 3132 aluit
588 3069 724 3133 Bellona
747 3069 889 3153 tropaeis

74 3155 221 3239 Totaque
244 3156 304 3220 sub
327 3157 431 3243 galeis
453 3157 615 3222 Mavortia
638 3157 748 3222 canuit
771 3158 882 3223 aetas?

140 3244 203 3309 Per
225 3248 258 3309 te
280 3267 419 3330 namque
442 3269 543 3310 unum
565 3245 681 3310 mediis
704 3250 800 3325 exuta
766 3247 966 3311 ttenebris

73 3331 214 3416 Imperio
238 3355 297 3397 sua
320 3335 425 3398 forma
447 3335 544 3421 redit,
567 3334 699 3399 claust
657 3338 782 3419 trrsque
806 3336 892 3400 solut
878 3340 931 3400 tae

73 3421 238 3486 Tristibus
262 3444 424 3510 exangues
447 3387 565 3488 auderit
551 3423 759 3507 tprocedere
782 3425 879 3511 leges

73 3509 206 3595 Iamque
227 3514 406 3594 potestates
429 3512 556 3596 priscus
580 3512 785 3578 discriminat
808 3513 891 3577 ordo
