2392 3870
125 161 190 224 174
448 155 593 213 CLAVDII
612 154 808 212 CLAVDIANI

123 321 201 387 Non
223 342 334 385 110111
357 319 503 404 pecudes,
527 318 583 382 sed
605 317 800 383 luxuriantis
823 317 961 382 harenae

123 409 274 495 Delicias,
296 430 448 492 pompam
469 428 646 471 nemorum.

642 493 871 578 Quodcumque
893 495 1104 562 tremendum

126 585 286 649 Dentibus
311 588 367 648 aut
388 583 515 669 insigne
538 584 624 647 iubis
647 587 704 647 aut
724 583 835 647 nobile
858 605 958 650 cornu

126 673 194 738 Aut
218 673 358 759 rigidum
383 672 490 756 saetis,
514 672 641 754 capitur
664 672 760 735 decus
784 693 877 736 omne
900 671 1065 756 timorque

124 761 294 826 Silvarum.
338 759 416 825 Non
438 763 532 824 cauta
554 759 666 845 latent,
688 781 755 823 non
777 760 862 824 mole
884 760 1044 825 resistunt
1094 781 1150 829 310

123 849 248 934 Fortia,
269 871 337 913 non
357 848 481 912 volucri
503 848 635 934 fugiunt
657 848 799 932 pernicia
822 870 926 913 cursu.

124 937 214 1002 Haec
236 937 360 1020 laqueis
382 937 499 1000 innexa
521 941 667 1022 gemunt3
690 935 769 1000 haec
792 937 901 1001 clausa
923 937 1077 1003 feruntur

126 1025 243 1111 ilignis
267 1025 424 1090 domibus.
470 1024 570 1088 Fabri
591 1047 651 1089 nec
673 1025 766 1112 tigna
787 1025 891 1108 polire

126 1114 313 1199 Sufficiunt3
336 1113 470 1178 rudibus
493 1113 579 1198 fagis
601 1117 756 1177 texuntur
778 1117 810 1177 et
834 1113 923 1178 ornis

125 1202 326 1268 Frondentes
349 1223 470 1267 011010.
516 1201 656 1266 Ratibus
679 1224 754 1285 pars
778 1201 848 1266 ibat
871 1201 998 1266 onustis
1094 1221 1149 1270 325

126 1291 189 1356 Per
211 1292 294 1355 11011
316 1291 368 1355 101
390 1290 521 1355 fluvios:
545 1290 701 1376 exanguis
725 1289 854 1354 dextera
876 1294 984 1373 torpet

124 1379 272 1466 Remigis
296 1383 328 1443 et
349 1379 515 1463 propriam
537 1379 703 1442 metuebat
724 1378 834 1443 navita
856 1400 1003 1442 mercem.

124 1468 187 1532 Per
209 1472 329 1531 terram
350 1489 426 1551 pars
449 1467 545 1530 ducta
568 1466 660 1552 rotis,
682 1467 846 1552 longoque
868 1470 1038 1531 morantur
1094 1531 1096 1535 ,

125 1556 246 1620 Ordine
268 1556 414 1639 plaustra
436 1556 505 1619 1111
527 1554 691 1619 montanis
713 1556 809 1637 plena
831 1554 1008 1639 triumphis

124 1645 170 1709 Et
192 1645 261 1708 1011
284 1644 435 1708 sollicitis
457 1643 587 1709 vehitur
609 1643 736 1727 captive
759 1642 912 1728 iuvencis,
981 1676 983 1680 ·
1094 1663 1148 1712 330

125 1732 288 1816 Explebat
312 1733 429 1816 quibus
452 1736 527 1795 ante
549 1732 681 1817 famem,
709 1731 922 1815 quotiensque
944 1731 1059 1796 reflexi

129 1821 330 1903 Conspexere
353 1821 461 1906 boves,
483 1820 593 1904 pavidi
615 1825 743 1885 temone
766 1821 925 1884 recedunt.

191 1907 324 1991 Iamque
345 1909 518 1992 pererratis
540 1908 663 1992 Libyae
685 1908 899 1994 flagrantibus
922 1907 988 1972 oris

124 1998 263 2083 Legerat
286 1997 420 2061 eximios
442 1997 567 2061 Phoebi
589 2019 742 2083 germane
764 1998 883 2082 leones,

125 2085 320 2169 Hesperidas
344 2085 400 2167 qui
423 2107 517 2169 saepe
539 2085 655 2171 fugant
677 2090 838 2169 ventoque
862 2083 970 2149 citatis
1095 2105 1149 2154 335

126 2173 317 2238 Terrifioant
340 2171 475 2237 Atlanta
498 2173 584 2237 iubis
608 2178 815 2257 armentaque
838 2173 935 2259 longe

125 2262 266 2326 Vastant
288 2261 488 2346 Aethiopum
511 2283 711 2345 quorumque
734 2263 865 2346 impune
887 2261 1019 2347 fragosa

126 2351 292 2416 Murmura
313 2355 482 2435 pastorum
503 2373 680 2434 numquam
702 2372 816 2415 venere
838 2372 896 2435 per
918 2372 1021 2415 aures,

125 2439 202 2505 Non
224 2441 300 2505 illos
323 2440 435 2504 taedae
458 2439 614 2524 ardentes,
636 2462 703 2504 non
727 2443 829 2503 strata
852 2461 988 2523 superne

124 2530 271 2613 Lapsuro
294 2529 438 2615 virgulta
461 2529 541 2615 solo,
563 2551 630 2592 non
652 2527 787 2592 vocibus
810 2527 905 2592 haedi
1095 2547 1149 2595 340

125 2618 300 2683 Pendentis
324 2618 492 2682 stimulata
515 2617 626 2702 1111101,
648 2639 715 2681 non
737 2617 826 2680 fossa
848 2615 978 2700 fefellit3

124 2705 227 2770 Vltro·
246 2728 279 2770 se
302 2707 432 2770 voluere
455 2706 527 2790 oapi
550 2705 754 2792 gaudentque
776 2704 878 2768 videri

125 2792 247 2858 Tantae
269 2796 387 2877 praeda
410 2795 494 2859 deae
539 2794 714 2878 Respirant
736 2814 856 2876 pascua
879 2792 1023 2877 tandem3

124 2881 297 2968 Agricolae
320 2887 463 2947 reserant
486 2882 551 2947 iam
572 2887 645 2946 tuta
667 2881 806 2966 mapalia
829 2880 943 2945 Mauri.

125 2971 208 3035 Tum
230 2971 348 3035 virides
370 2972 488 3055 pardos
511 2976 543 3035 et
567 2975 672 3035 cetera
695 2970 821 3056 colligit
843 2969 957 3034 Austri
1093 2988 1148 3037 345

124 3059 279 3146 Prodigia
301 3060 509 3143 inmanesque
533 3060 630 3124 simul
652 3059 791 3123 Latonia
815 3058 934 3142 dentes,

126 3147 188 3224 Qui
212 3149 290 3212 secti
313 3149 398 3212 ferro
421 3149 456 3213 in
479 3149 607 3213 tabulas
631 3170 773 3231 auroque
795 3147 951 3210 micantes

125 3235 277 3321 hiscripti
300 3237 434 3301 rutilum
457 3237 580 3302 caelato
604 3238 735 3301 consule
757 3257 876 3300 nomen

125 3325 187 3389 Per
209 3347 357 3410 proceres
381 3331 413 3389 et
440 3327 557 3412 vulgus
581 3330 663 3390 eant.
710 3325 831 3407 Stupor
855 3322 1005 3388 omnibus
1029 3321 1124 3389 Indis

117 3414 287 3480 Plurimus
311 3414 431 3500 ereptis
454 3415 584 3500 elephas
607 3413 766 3501 inglorius
790 3417 876 3476 errat
1094 3431 1148 3479 350

101 3502 292 3574 Dentibus:
313 3505 441 3576 insedit
463 3505 564 3596 nigra
588 3503 711 3572 ceruice
734 3505 920 3588 gementum
