2392 3870
129 169 194 233 170
447 164 593 220 CLAVDII
612 163 811 219 CLAVDIANI

126 330 285 416 Iuppiter3
307 329 391 393 hanc
413 329 484 392 tota
506 325 653 399 Tritonia
677 323 827 413 Gorgone
850 325 946 391 velat.

126 419 271 484 Arcanas
293 419 357 482 hue
379 416 480 481 Vesta
503 416 602 501 faces,
624 415 688 480 huc
712 415 803 501 orgia
827 435 935 478 secum

127 506 309 572 Transtulit
332 510 364 570 et
385 505 547 591 Phrygios
570 504 717 591 genetrix
740 503 858 567 turrita
880 502 1009 589 leones3
1099 523 1150 572 110

127 595 201 661 Huc
224 594 415 679 depulsurus
438 594 570 658 morbos
592 592 789 676 Epidaurius
812 591 931 674 hospes

127 683 281 768 Reptavit
303 683 429 765 placido
453 685 572 766 tractu,
595 684 786 763 vectumque
808 701 866 764 per
887 679 992 744 undas

126 771 238 839 Insula
259 771 435 835 Paeonium
458 772 539 834 texit
561 768 713 833 Tiberina
735 769 912 833 draconem.

194 860 287 924 Hanc
309 864 347 922 tu
369 881 441 922 cum
465 858 602 943 superis,
626 856 762 922 Stilicho
785 858 961 942 praeclare,
985 859 1110 946 tueris,

127 948 278 1034 Protegis
300 946 384 1010 hane
407 946 509 1030 clipeo
532 947 670 1031 patriam
688 967 864 1032 regumque
884 945 1070 1031 ducumque
1099 965 1151 1015 1⁷5

127 1036 366 1120 Praecipueque
388 1038 486 1099 tuam.
523 1033 620 1099 Dedit
642 1034 721 1099 haec
744 1034 874 1099 exordia
897 1033 979 1098 lucis

128 1125 289 1190 Eucherio
312 1145 510 1208 puerumque
533 1124 638 1188 ferens
660 1123 714 1187 hic
736 1124 824 1209 regia
846 1125 950 1186 mater

126 1212 278 1301 Augusto
301 1213 494 1277 monstravit
517 1211 752 1297 ar031aetatus
776 1215 809 1276 at
831 1211 886 1275 ille

128 1302 269 1369 Sustulit
291 1302 326 1365 in
348 1301 446 1385 Tyria
468 1303 649 1385 reptantem
671 1304 759 1364 veste
781 1303 944 1383 nepotem,

127 1390 295 1475 Romaque
317 1390 445 1454 venturi
467 1390 628 1475 gaudebat
650 1389 794 1472 praescia
817 1388 889 1474 fati,
1096 1407 1148 1457 180

128 1479 223 1556 Quod
243 1482 276 1543 te
299 1479 364 1542 iam
386 1481 478 1542 tanto
501 1479 671 1542 meruisset
693 1478 829 1563 pignore
853 1477 962 1540 civem.

194 1566 264 1633 Nec
286 1571 395 1631 tamen
416 1567 581 1652 ingratum
603 1587 674 1652 nee,
698 1567 754 1649 qui
777 1565 944 1630 benefacta
966 1565 1091 1631 referre

127 1655 274 1742 Nesciat,
296 1655 382 1719 hunc
406 1656 515 1720 credas
538 1654 702 1740 populum.
740 1653 775 1719 si
798 1653 926 1718 volvere
949 1653 1079 1737 priscos

128 1743 271 1807 Annales
294 1743 407 1808 libeat:
432 1744 581 1826 quotiens
604 1743 657 1806 hic
678 1743 801 1827 proelia
824 1741 963 1826 sumpsit

128 1831 192 1895 Pro
217 1832 325 1896 sociis!
349 1832 498 1914 quotiens
522 1831 606 1895 dono
630 1832 788 1895 concessit
811 1830 922 1895 amicis
1097 1851 1149 1901 185
1181 1839 1187 1851 '

128 1919 274 2006 Regibus
296 1918 442 1983 Ausonio
467 1920 629 2002 quaesitas
653 1920 808 2006 sanguine
831 1919 946 1983 terras!

128 2008 264 2071 Publica
288 2008 344 2071 sed
364 2028 541 2089 numquam
564 2011 656 2072 tanto
680 2029 714 2071 se
737 2007 843 2095 gratia
865 2006 949 2070 fudit

128 2096 290 2160 Adsensu:
314 2095 386 2178 quis
410 2095 495 2158 enim
517 2096 665 2179 princeps
687 2118 754 2160 non
777 2095 926 2160 omnibus
950 2094 1017 2181 egit

131 2183 302 2266 Obsequiis
326 2182 491 2246 dominum
515 2205 583 2247 sese
606 2188 793 2267 patremque
816 2183 937 2268 vocari,
1088 2181 1093 2189 ’

130 2271 223 2349 Quod
245 2272 306 2336 tibi
330 2271 491 2335 continuis
514 2275 667 2336 resonant
690 2294 831 2337 convexa
854 2270 989 2336 diebus?
1096 2292 1151 2340 190

129 2362 235 2426 Macte
257 2361 350 2425 novis
374 2360 488 2424 consul
509 2361 628 2425 titulis!
665 2360 825 2425 Mavortia
847 2359 958 2445 plebes
1099 2362 1114 2377 “’

128 2451 173 2516 Te
197 2450 362 2515 dominum
384 2449 486 2514 Bruto
509 2471 576 2514 non
596 2450 784 2536 indignante
807 2449 928 2514 fatetur

127 2540 187 2627 Et,
210 2540 297 2623 quod
320 2539 423 2603 adhuc
444 2538 535 2602 nullo
558 2540 667 2622 potuit
689 2541 811 2602 terrore
834 2542 945 2602 coacta

127 2629 276 2694 Libertas
299 2630 446 2693 Romana
467 2628 551 2712 pati,
574 2625 762 2693 Stilichonis
786 2626 887 2691 amori

129 2717 264 2781 Detulit.
299 2717 459 2781 Exultant
482 2716 580 2801 avidi,
603 2736 805 2799 quocumque
828 2715 962 2779 decorus
1094 2733 1148 2782 195

131 2803 335 2887 Conspiciare
358 2805 444 2890 loco,
466 2825 646 2887 nomenque
669 2803 710 2866 ad
733 2803 836 2868 sidera
858 2802 980 2867 tollunt

129 2891 198 2958 Nec
220 2915 303 2979 vaga
327 2893 443 2957 dilecto
468 2893 627 2956 satiantur
649 2891 772 2956 lumina
794 2892 900 2956 vultu:

130 2980 194 3045 Seu
218 2982 337 3045 circum
359 2981 480 3045 trabeis
503 2981 705 3067 fulgentibus
728 3002 843 3045 aureus
866 2980 981 3063 intres,

130 3068 194 3133 Seu
218 3070 358 3134 celebres
381 3069 484 3154 ludos,
507 3070 590 3133 solio
614 3091 670 3133 seu
692 3069 795 3133 fultus
818 3069 941 3133 eburno

130 3158 248 3244 Oingas
271 3159 340 3222 iure
362 3158 482 3244 forum,
505 3158 604 3222 denso
628 3179 684 3221 seu
706 3157 836 3222 turbine
858 3155 949 3242 vulgi
1090 3174 1148 3224 200

130 3247 331 3312 Circumfusa
354 3250 428 3310 tuae
452 3247 667 3311 conscendant
690 3249 795 3310 rostra
819 3266 953 3310 secures.

196 3336 282 3412 Quae
305 3357 381 3399 vero
404 3357 573 3418 procerum
595 3356 703 3420 voces,
727 3356 823 3417 quam
847 3338 934 3399 certa
957 3334 1047 3396 fuere

127 3424 269 3510 Gaudia,
292 3447 365 3489 cum
387 3423 468 3487 totis
491 3445 649 3510 exurgens
673 3423 772 3487 ardua
793 3424 909 3507 penm's

98 3559 101 3563 -
126 3513 203 3600 Ipsa
226 3511 299 3578 duci
323 3534 429 3577 sacras
452 3511 600 3577 Victoria
622 3513 776 3597 panderet
799 3513 907 3576 aedest
