2392 3870
103 157 251 227 (XXXVI.)
271 157 319 210 DE
339 156 458 211 RAPTV
474 157 729 212 PROSERPINAE
748 158 858 212 LIBER
871 158 1034 216 TERTIVS.
1055 162 1118 227 291

101 317 171 382 10111
194 318 314 383 Veneri
337 319 480 405 iunctae,
504 320 599 383 sociis
623 320 822 406 raptoribus,
844 320 924 385 itis?

102 406 129 471 Ο
153 408 284 491 templis
308 406 459 491 Scythiae
483 412 580 491 atque
603 408 767 492 hominem
790 408 976 473 sitientibus
1001 410 1065 474 aris

100 495 248 579 Vtraque
272 496 370 582 digna
394 496 469 560 coli!
506 496 603 561 Tanti
627 519 709 581 quae
732 519 828 562 causa
851 498 993 562 furoris?

102 583 205 661 Quam
227 607 298 648 mea
320 585 373 649 vel
395 585 484 649 tenui
508 585 593 650 dicto
616 585 811 670 Proserpina
833 587 952 651 laesit?

103 672 232 737 Scilicet
256 677 311 737 aut
335 674 418 737 caris
440 675 566 759 pepulit
589 679 636 760 te,
658 675 766 761 Delia,
789 675 880 740 silvis
1066 691 1117 741 285

100 760 168 826 Aut
191 762 254 825 tibi
277 761 466 826 comissas
489 763 611 849 rapuit,
635 763 796 850 Tritonia,
819 787 953 851 pugnas.

100 849 154 914 An
176 851 285 937 gravis
309 851 461 935 eloquio?
484 855 610 916 vestros
634 875 676 916 an
698 852 782 916 forte
805 854 936 937 petebat

98 937 289 1023 Importuna
313 940 452 1004 choros?
487 938 592 1024 Atqui
615 940 783 1005 Trinacria
805 942 915 1028 longe,

69 1029 71 1032 ⁴
99 1028 197 1092 Esset
219 1051 260 1092 ne
282 1028 376 1092 vobis
401 1028 504 1113 oneri,
518 1029 654 1092 deserta
678 1029 813 1093 colebat.
1082 1069 1109 1133 g

100 1115 183 1193 Quid
205 1116 341 1180 latuisse
363 1117 476 1180 iuvat?
511 1115 649 1179 Rabiem
672 1116 784 1181 livoris
808 1117 916 1181 acerbi
1064 1136 1116 1184 000

97 1204 199 1269 Nulla
221 1207 330 1288 potest
353 1205 480 1287 placare
505 1203 616 1287 quies'

653 1291 715 1356 His
738 1293 884 1377 increpat
908 1316 1018 1358 omnes

97 1381 251 1445 Vocibus.
288 1379 351 1445 Ast
374 1380 450 1444 illae
474 1378 640 1467 (prohibet
664 1382 823 1446 sententia
845 1380 963 1469 patris)

98 1469 167 1533 Aut
190 1469 326 1533 reticent
350 1473 406 1533 aut
428 1492 525 1534 nosse
547 1473 668 1556 negant
691 1492 910 1553 responsaque
932 1472 1029 1535 matri

98 1558 186 1621 Dant
208 1557 366 1622 lacrimas.
411 1557 495 1635 Quid
517 1560 616 1644 agat?
658 1557 784 1622 Rursus
809 1581 842 1622 se
864 1559 951 1623 victa
974 1560 1114 1626 remittit

97 1645 200 1730 Inque
222 1646 362 1711 humiles
387 1648 517 1712 devecta
539 1669 664 1730 preces:

685 1733 869 1821 ‘Ignoscite
893 1735 922 1798 si
946 1736 1024 1819 quid
1062 1754 1114 1804 295
1158 1783 1161 1788 Α

97 1823 257 1888 Intumuit
280 1824 400 1909 pietas,
423 1823 452 1887 si
476 1824 555 1907 quid
577 1824 769 1910 flagrantius
793 1827 914 1910 actum,

97 1911 200 1989 Quam
222 1912 359 1976 miseros
384 1912 499 1977 decuit.
537 1911 680 1996 Supplex
702 1912 948 1996 miserandaque
970 1914 1088 1978 vestris

95 2000 262 2065 Advolvor
285 2001 436 2087 genibus:
460 2001 556 2065 liceat
580 2023 773 2088 cognoscere
797 2005 926 2066 sortem.

95 2089 167 2154 Hoc
190 2093 319 2154 tantum
341 2089 452 2155 liceat:
477 2094 582 2154 certos
605 2090 758 2154 habuisse
781 2090 916 2154 dolores.

97 2177 184 2242 Scire
207 2183 297 2265 peto,
321 2201 403 2262 quae
425 2180 530 2243 forma
552 2179 644 2265 mali,
667 2202 902 2263 quamcumque
926 2179 1061 2244 dedistis

94 2266 287 2353 Fortunam,
311 2268 354 2331 sit
376 2272 467 2332 nota:
491 2268 593 2332 feram
616 2269 784 2351 fatumque
807 2268 945 2353 putab0,
1058 2285 1109 2332 301

94 2354 172 2420 Non
195 2356 308 2420 scelus.
344 2355 556 2442 Adspectum,
578 2379 707 2442 precor,
730 2356 897 2441 indulgete
919 2356 1061 2441 parenti,

93 2442 170 2508 Non
193 2449 344 2529 repetam.
383 2444 535 2522 Quaesita
557 2467 655 2508 manu
679 2465 809 2507 securus
833 2442 951 2506 habeto

95 2531 251 2616 Quisquis
275 2556 322 2618 es,
346 2534 480 2597 adfirmo
502 2534 668 2616 praedam3
691 2532 810 2595 desiste
832 2530 944 2594 vereri.

95 2621 217 2696 Quodsi
239 2643 299 2684 nos
323 2621 433 2702 aliquo
456 2620 623 2704 praevenit
645 2619 773 2683 foedere
796 2622 924 2703 raptor,
1059 2635 1111 2684 305

94 2708 143 2771 Tu
168 2713 267 2793 certe,
288 2708 429 2793 Latona,
452 2709 548 2772 refer:
573 2708 720 2772 confessa
742 2707 848 2771 Diana

93 2795 192 2860 Forte
214 2796 286 2859 tibi.
323 2794 422 2860 Nosti
446 2795 525 2879 quid
548 2795 591 2860 sit
614 2795 751 2881 Lucina,
775 2795 847 2879 quis
871 2795 987 2859 horror

93 2884 158 2948 Pro
181 2883 300 2970 genitis
324 2888 356 2948 et
380 2889 520 2967 quantus
544 2907 647 2971 amor,
669 2888 847 2968 partusque
870 2884 978 2948 tulisti

94 2973 143 3037 Tu
167 2972 328 3059 geminos:
351 2973 430 3041 haec
452 2996 517 3037 una
540 2973 629 3038 mihi.
667 2972 720 3038 Sic
743 2973 830 3038 crine
853 2973 971 3037 fruaris

95 3060 228 3146 Semper
250 3059 439 3147 Apollineo,
463 3061 509 3126 sic
531 3084 583 3126 me
606 3061 732 3126 felicior
755 3084 869 3127 aevum
1060 3077 1112 3127 310

95 3149 200 3214 Mater
223 3151 322 3237 agas?
347 3181 351 3188 ·

365 3239 481 3325 Largis
505 3243 583 3303 tunc
605 3239 766 3303 imbribus
790 3260 846 3302 ora
869 3238 1066 3302 madescunt.

94 3325 212 3401 ‘Quid‘t
235 3330 364 3392 tantum
381 3328 522 3415 ¹dignum
544 3327 615 3391 fleri
638 3328 835 3414 dignumque
858 3326 980 3390 taceri?

93 3412 157 3477 Hei
180 3414 276 3501 mihi,
299 3417 466 3482 discedunt
491 3438 610 3481 omnes.
652 3414 737 3492 Quid
758 3438 842 3480 vana
864 3415 1001 3480 moraris

92 3500 260 3567 Vlterius‘?
283 3527 350 3570 non
372 3506 459 3570 bella
480 3505 589 3589 palam
613 3504 764 3570 caelestia
787 3504 911 3570 sentis?

842 3607 895 3662 19*
