2392 3870
124 158 191 223 204
459 155 606 212 CLAVDII
625 155 825 212 chavomu

126 320 271 386 Scrutari
295 320 324 384 si
346 342 421 384 vera
444 319 539 405 velis,
561 319 630 384 fera
651 316 767 384 mmtia
789 316 906 382 Martis

125 409 190 475 Ora
213 410 273 474 sub
297 407 440 495 Augusti
463 430 612 473 casurum
634 405 777 491 prodidit
799 405 947 493 hostem,

124 499 235 582 thue
257 520 372 562 manus
395 501 488 562 utero
511 496 630 561 virides
653 499 785 580 patuere
808 498 951 582 retect0,
1112 518 1162 567 250

124 587 265 650 Romula
287 590 363 670 post
385 590 498 670 ruptas
520 585 624 650 virtus
648 584 695 648 sic
718 583 833 649 emicat
855 581 973 668 Alpes,

125 674 189 741 Sed
211 675 316 738 malus
339 675 498 759 interpres
521 695 629 738 rerum
643 677 757 738 metus
781 693 875 736 omne
898 673 1069 742 trahebat

125 761 309 849 Augurium
330 762 439 846 peiore
461 763 526 827 via:
549 765 762 845 trrmcataque
784 761 932 826 membra

124 851 357 934 Nutricemque
380 852 490 935 lupam
512 851 635 915 Romae
658 871 822 937 regnoque
844 850 978 917 minari.

126 939 216 1004 Tunc
239 943 391 1024 reputant
415 962 517 1004 annos
539 939 782 1023 interceptoque
804 938 917 1003 volatu
1112 961 1162 1012 aas

125 1027 276 1092 Vulturis
299 1027 445 1092 incidunt
468 1028 650 1112 properatis
674 1026 801 1092 saecula
823 1026 929 1092 metis.

194 1115 290 1182 Solus
314 1121 383 1181 erat
406 1116 557 1202 Stilicho,
582 1116 638 1200 qui
662 1115 908 1200 desperantibus
933 1139 1053 1205 augur

126 1204 305 1290 Sponderet
327 1205 463 1269 meliora
485 1228 596 1290 manu,
620 1205 798 1288 dubiaeque
822 1203 939 1268 salutis

124 1294 200 1358 Dux
224 1294 308 1358 idem
331 1298 484 1377 vatesque
507 1294 579 1358 fuit.
616 1286 752 1358 ‘Durate
774 1293 963 1377 parumper’

125 1382 238 1466 Inquit
261 1383 305 1445 ‘et
328 1383 472 1447 excussis
494 1381 708 1447 muliebribus
732 1404 786 1445 011
810 1382 969 1465 querellis
1112 1406 1162 1455 270

124 1471 281 1536 Fatorum
303 1472 478 1536 toleremus
503 1493 593 1536 onus.
629 1470 687 1536 Nil
709 1469 839 1534 nautica
861 1476 1009 1554 prosunt

125 1559 287 1624 Turbatus
310 1560 452 1624 lamenta
474 1559 537 1624 1111
559 1581 619 1624 nec
643 1559 796 1645 segnibus
819 1558 924 1623 undae

124 1648 314 1714 Planctibus
338 1654 394 1714 aut
417 1649 509 1713 vanis
532 1648 706 1712 mitescunt
728 1647 859 1711 flamina
881 1647 982 1715 votis.

125 1736 222 1802 Nrmc
246 1738 367 1802 instare
390 1760 502 1823 manu,
524 1741 596 1802 toto
618 1758 705 1801 nunc
727 1737 843 1800 robore
865 1735 927 1800 niti

128 1824 298 1890 Communi
320 1847 380 1910 pro
404 1827 475 1890 luce
499 1825 601 1891 decet:
625 1846 809 1889 succurrere
832 1824 927 1910 velis,
1110 1849 1160 1899 275

126 1914 309 1978 Exhaurire
331 1915 465 2000 fretum,
488 1914 596 1978 varios
620 1916 730 1997 aptare
753 1913 905 1977 rudentes

127 2001 286 2066 Omnibus
309 2006 342 2065 et
365 2002 452 2066 docti
474 2003 572 2066 iussis
595 2024 706 2085 parere
729 2001 887 2088 magistri.

126 2089 216 2174 Non,
240 2089 268 2152 si
290 2090 424 2172 perfidia
447 2091 535 2154 nacti
557 2091 756 2174 penetrabile
777 2094 905 2174 tempus

126 2177 281 2261 Inrupere
306 2177 418 2262 Getae,
441 2183 570 2241 nostras
594 2179 670 2243 dum
692 2178 807 2243 Raetia
830 2178 914 2243 vires

127 2266 271 2350 Occupat
295 2270 392 2349 atque
416 2266 481 2330 alio
505 2266 661 2332 desudant
684 2266 789 2332 Marte
813 2267 979 2354 cohortes,
1104 2291 1158 2339 280

125 2354 249 2420 Idcirco
274 2378 347 2440 spes
371 2355 476 2419 omnis
499 2355 576 2420 abit.
613 2356 762 2420 Mirabile
784 2359 895 2440 posset

125 2445 208 2509 Esse
230 2445 325 2530 mihi,
349 2444 377 2508 si
400 2445 512 2509 fraude
534 2467 618 2510 nova
641 2445 693 2509 vel
716 2446 796 2509 calle
820 2449 947 2528 reperto

125 2534 290 2599 Barbarus
313 2534 444 2620 ignotas
467 2534 631 2599 invaderet
655 2533 776 2598 inscius
799 2532 913 2619 Alpes3

125 2622 222 2688 Nunc
245 2645 322 2689 vero
346 2623 483 2709 geminis
508 2623 613 2686 clades
637 2623 774 2706 repetita
797 2621 946 2705 tyranms

125 2711 300 2776 Famosum
323 2711 469 2798 vulgavit
492 2712 554 2776 iter
576 2733 636 2775 nec
657 2715 737 2775 nota
759 2710 876 2775 fefellit
1098 2733 1155 2783 285

126 2798 247 2864 Semita
270 2804 508 2882 praestructum
530 2799 626 2865 bellis
649 2799 798 2865 civilibus
821 2799 958 2864 hostem.

125 2887 188 2951 Per
212 2887 325 2952 solitas
348 2911 463 2952 venere
486 2889 571 2974 vias,
595 2887 764 2971 aditusque
788 2888 968 2971 sequendos

125 2975 301 3039 Barbarico
324 2977 471 3041 Romana
495 2977 581 3042 dedit
606 2977 764 3041 discordia
787 2977 882 3041 belle.

193 3063 268 3129 ‘Sed
289 3087 348 3129 nec
370 3065 553 3148 praeteritis
576 3066 655 3130 haec
677 3087 728 3129 res
751 3066 918 3152 incognita
941 3065 1076 3135 saeclis:

126 3152 227 3236 Saepe
250 3153 446 3239 lacessitam,
470 3154 525 3218 sed
546 3177 614 3219 non
635 3155 779 3240 impune,
802 3155 941 3218 fatemur
1100 3177 1155 3227 290

21 3238 30 3254 '
123 3241 311 3305 Ausoniam.
328 3280 331 3284 >
348 3241 437 3305 Haec
456 3242 620 3308 Senonum
638 3243 789 3307 restinxit
808 3243 964 3329 sanguine
988 3245 1158 3338 flammas,

126 3330 215 3394 Haec
239 3334 271 3393 et
294 3328 471 3394 Teutonico
495 3331 657 3414 quondam
679 3333 842 3416 patefacta
864 3332 968 3396 furori

126 3418 218 3482 Colla
242 3418 381 3481 catenati
403 3418 484 3482 vidit
508 3420 689 3503 squalentia
713 3420 844 3486 Cimbri.

124 3507 198 3572 Vile
223 3507 332 3592 decus,
356 3506 443 3590 quod
464 3529 531 3572 non
554 3509 655 3573 erexit
677 3510 828 3593 praevius
851 3509 980 3596 horror3
