2392 3870
349 121 636 183 ADNOTATIONES
656 126 832 183 CRITIGAE.
1024 127 1102 184 LVII

75 291 113 346 fl
127 288 264 360 praeiit
283 280 372 360 dacis]
391 277 571 346 incommoda
587 303 655 355 vox,
676 287 743 356 quia
760 287 790 341 in
813 304 895 343 versu
917 287 1101 357 praecedenti
1173 329 1179 338 .

282 358 411 428 quamvis
440 358 552 412 diversa
579 375 711 413 mensura
737 358 844 427 legitur
870 360 949 424 dacis
976 362 1011 415 ab
1039 362 1102 415 orbe

209 432 212 437 '
280 448 381 502 propes.
417 447 469 484 nec
492 430 546 484 hoc
569 429 651 498 satis,
680 430 730 484 sed
754 431 841 484 etiarn
863 449 888 483 v.
909 435 943 484 52
967 432 1046 486 dacis
1068 433 1102 485 ia

282 503 344 557 orbe
366 502 467 558 chorea
500 499 597 569 itaque
620 501 656 555 de
679 501 840 570 corruptela
865 500 999 583 cogitavi.
1033 519 1100 556 nam

227 575 228 578 ’
283 572 369 628 etiam
386 571 485 627 littera
502 587 516 627 s
533 571 564 625 in
581 589 665 628 versu
679 577 714 625 39
732 572 884 627 iniucunda
898 575 1026 626 iteratur.
1056 590 1100 627 ac·

212 670 213 675 1
283 643 368 712 cedit,
387 643 463 711 quod
476 643 579 696 mirum
594 645 638 697 est
652 641 808 712 Geryonem
821 646 915 700 dacem
932 643 1100 714 praedicuri,

283 715 364 782 quasi
378 714 414 769 ad
429 713 562 770 militiam
576 714 641 769 aevi
654 713 903 769 constantinorum
921 714 1099 784 pertinuerit.

283 785 386 854 quodsi
408 786 503 855 legere
529 785 601 840 velis
628 788 822 858 terpeminiqae
847 789 916 854 uiri,
943 785 1035 855 possis
1064 786 1101 840 ad

284 855 415 912 Ovidium
433 872 596 926 provocare,
616 859 664 925 qui
683 857 724 911 ite
739 857 853 926 scripsit
866 856 950 912 Trist.
964 857 1002 912 lV
1020 855 1101 924 Fl,16.

229 933 263 983 42
281 928 342 1000 aec]
360 928 497 998 praetuli,
517 929 603 983 etiam
623 928 844 983 adlittcrationis
862 929 973 984 ratione
992 928 1100 984 habita.
1123 942 1125 948 ·
1186 959 1191 968 ·

70 1026 151 1080 urs
171 1027 281 1101 aram]
301 1025 369 1079 ube
386 1025 473 1091 rsa,
496 1025 573 1093 quos
595 1027 701 1081 aarum
724 1025 871 1095 exurens,
894 1027 924 1080 su
948 1043 981 1080 01
1000 1014 1102 1082 amam
1152 1029 1156 1036 ·

171 1097 307 1151 videlicet
325 1098 416 1151 ortum
435 1098 481 1151 est
498 1098 528 1150 et
544 1095 611 1150 inde
629 1097 701 1151 haec
719 1097 805 1152 lectio
824 1097 960 1152 maiorem
980 1099 1100 1152 auctori·

84 1191 87 1197 ·
171 1169 263 1223 tatem
281 1167 461 1223 nanciscitur.
493 1169 590 1221 tamen
607 1169 701 1224 diram
714 1168 806 1238 magis
821 1186 934 1223 sensum
948 1169 1040 1235 iuvat;
1055 1168 1102 1222 ‘sic
1180 1191 1186 1201 ·

172 1240 248 1297 enim
265 1238 426 1309 praedicari
444 1238 537 1292 solent
554 1255 598 1293 res
616 1238 779 1294 inferorum.

112 1324 151 1374 23
169 1318 245 1444 gulrrpc
263 1335 375 1375 versum
394 1335 451 1388 qua
473 1318 522 1372 ria
543 1318 704 1388 refecerim,
730 1319 887 1373 indicatum
909 1319 999 1373 habes
1025 1319 1101 1388 apud

115 1476 152 1527 25
171 1407 311 1542 1111111111
330 1473 407 1524 recte
421 1471 583 1524 restitutum
598 1472 682 1539 put03
701 1441 767 1522 num
781 1476 850 1536 crat,
868 1468 945 1536 quod
958 1467 988 1521 ln
1001 1468 1102 1537 pleris-

131 1565 135 1572 ·
172 1558 226 1611 que
244 1559 320 1610 mss,
339 1540 458 1596 offendit
475 1540 534 1595 iam
551 1544 668 1611 propter
686 1538 822 1608 temporis
840 1538 920 1593 verbi
937 1539 1102 1593 inmutatio-

123 1673 126 1676 ,
171 1628 249 1680 nem3
263 1611 432 1681 'praesentia
450 1612 525 1666 enim
544 1616 574 1668 et
592 1610 765 1667 antecedunt
784 1613 813 1665 et
832 1614 994 1678 sequuntur.

116 1699 152 1749 62
172 1693 308 1816 adanae}
316 1692 370 1746 hoc
378 1691 557 1746 verissimum
565 1696 645 1762 puto,
659 1707 830 1760 quamquem
841 1692 975 1761 ademptis
986 1690 1102 1746 meliore

170 1763 227 1817 fide
245 1766 290 1817 tra
311 1764 383 1817 itum
401 1767 453 1817 est.
485 1764 613 1833 placeret
631 1779 705 1831 sane,
726 1760 750 1815 si
767 1762 902 1832 scriptum
917 1766 992 1817 esset
1002 1764 1104 1832 positis

167 1835 253 1905 peltis
271 1833 345 1889 sicut
366 1836 516 1904 appositis
539 1834 615 1904 apud
638 1832 850 1888 Statium'th.
871 1835 952 1888 1185.
986 1836 1017 1888 at
1035 1850 1102 1888 vero

171 1907 307 1976 ademptis
324 1905 354 1958 id
373 1921 429 1959 non
449 1904 599 1975 significat,
619 1906 669 1959 sed
689 1904 852 1974 designaret
868 1921 948 1959 arma
961 1905 990 1958 ri
1005 1907 1104 1974 erepta

173 1993 242 2031 esse.
276 1993 343 2045 ergo
362 1977 544 2030 statuendum
564 1979 608 2046 est
627 1977 784 2030 Amazonas
802 1979 870 2045 post
894 1976 1001 2030 bellum
1020 1975 1103 2030 belli·
1122 1996 1125 2002 ·

174 2064 269 2103 cosam
289 2047 433 2117 quandam
452 2048 633 2102 saltationem
651 2065 709 2102 non
727 2047 787 2101 sine
805 2046 892 2116 peltis
912 2046 1021 2102 iecisse.

115 2135 150 2184 72
172 2128 288 2199 Henna]
310 2127 345 2182 cf.
364 2143 438 2196 quae
456 2127 574 2196 exposui
592 2128 629 2182 ad
647 2129 735 2182 1122.
1023 2163 1027 2171 -

112 2213 151 2264 80
171 2207 421 2334 noraoth-almari
435 2205 463 2274 S,
482 2209 600 2279 abaepat
611 2208 659 2276 A¹‚
678 2209 785 2264 abaaat
797 2207 910 2280 reliqui,
931 2207 1007 2276 quod
1021 2222 1102 2274 prac-

171 2277 227 2332 tuli
246 2295 278 2333 co
323 2277 522 2339 Vlcons.t94
540 2281 570 2332 et
587 2279 751 2333 11111111.
794 2296 797 2300 ·

114 2365 151 2415 84
171 2358 235 2430 leto]
254 2357 401 2412 Heinsium
421 2374 454 2412 eo
472 2357 609 2412 libentius
628 2365 740 2413 secutus
760 2376 833 2427 sum,
857 2359 926 2426 quia
950 2358 1049 2410 extant
1071 2357 1102 2410 in

172 2429 296 2483 carmine
314 2429 366 2484 illo
385 2429 420 2494 de
438 2429 579 2485 Phoenice
597 2449 623 2486 r.
639 2435 672 2485 62
692 2429 774 2484 haec:
794 2431 910 2499 proprio
933 2428 1002 2483 soles
1015 2429 1102 2497 pube·

171 2518 244 2557 scere
261 2502 321 2557 leto.
354 2501 478 2555 ceterum
498 2501 532 2556 cf.
551 2500 635 2554 Birtii
653 2500 874 2555 adnotationem.

115 2587 149 2636 91
171 2582 358 2703 medioqaed..
378 2581 483 2652 serato]
503 2579 673 2636 sufficienter
686 2581 780 2635 locum
795 2578 949 2649 explicavit
962 2576 1103 2633 Gesnerus
1172 2648 1176 2654 .

191 2668 256 2706 uem
272 2668 301 2705 rr
322 2667 346 2705 e.

96 2738 150 2786 132
170 2669 307 2803 germina]
325 2730 462 2812 praetuli,
490 2729 560 2799 quia
577 2748 634 2785 non
653 2733 719 2800 apte
742 2730 825 2784 flores
848 2728 892 2783 illi
915 2728 1044 2802 amoeni,
1066 2727 1102 2781 de

128 2813 130 2817 ·
171 2800 275 2871 quibus
294 2805 398 2871 agitur,
415 2805 545 2873 pramiaa
563 2802 620 2856 dici
637 2804 765 2872 possunt.

89 2884 151 2938 ‘229
166 2883 316 2955 pacificas]
331 2884 474 2966 paciferae
492 2882 560 2951 quia
578 2883 655 2936 solus
671 2882 834 2951 Fpraebct,
853 2881 884 2934 in
902 2881 983 2935 textu
996 2894 1122 2954 ponere·

101 3002 106 3011 .
152 2953 251 3009 -nolui
266 2954 300 3009 cf.
315 2954 357 3010 B1.
371 2953 460 3023 praef.
476 2971 504 3023 p.
515 2952 633 3008 CLVIII.
662 2955 791 3007 attamen
805 2951 891 3006 etiam
901 2951 1012 3022 pacifer
1026 2949 1103 3018 apud
1156 2962 1159 2968 ·

171 3024 359 3080 Claudianum
378 3027 493 3094 recepta
510 3042 565 3080 vox
584 3028 640 3091 est;
660 3024 695 3078 cf.
714 3023 798 3093 Rapt.
813 3023 840 3077 Π
857 3022 946 3092 praef.
963 3026 1005 3077 10.

97 3111 152 3160 249
172 3104 273 3186 tendit]
290 3107 366 3177 recte
381 3104 496 3173 Hirtius,
510 3121 567 3158 non
580 3106 692 3174 maupit
713 3120 780 3157 nam
794 3102 846 3156 illa
860 3119 914 3157 vox
928 3105 972 3156 est
987 3099 1104 3170 propria
1176 3095 1181 3104 “

171 3175 348 3232 Claudanon
366 3192 423 3244 qua
441 3175 476 3230 dc
495 3191 526 3229 re
544 3175 583 3247 cf.v
599 3174 731 3230 indicem.
920 3229 923 3235 ,

95 3263 151 3314 256
168 3249 240 3328 aba]
260 3272 324 3328 cum
342 3255 395 3311 FA
413 3255 536 3325 praetuli
555 3255 716 3324 anaphoras
734 3252 898 3308 inserviens.

95 3343 150 3392 300
168 3335 298 3408 oestiqia]
318 3335 353 3391 cf.
372 3335 414 3390 Bi.
434 3335 523 3405 praef.
541 3352 569 3404 p.
585 3332 688 3389 CLVII.
951 3330 954 3336 '

94 3422 150 3473 306
170 3417 268 3487 Sitque
280 3419 384 3487 ratum]
404 3417 447 3473 Sit
458 3417 550 3484 fatam
564 3431 736 3483 quamquem
745 3413 804 3469 fere
815 3412 939 3468 omnium
951 3426 1103 3465 consensus

170 3488 279 3558 firmat,
308 3491 405 3542 tamen
432 3485 516 3541 nimis
540 3484 688 3554 displicuit
710 3484 778 3553 quia
801 3485 928 3554 sequitur
950 3481 981 3536 in
1004 3481 1104 3536 eodem
