2392 3870
89 167 185 238 (VIII.)
202 165 390 224 PANEGYR.
403 164 451 218 DE
466 164 613 232 QVARTO
628 165 845 222 CONSVLATV
858 166 1020 228 HONORII.
1044 167 1106 234 123

90 329 219 393 Ionium
242 328 365 415 tegitur
387 328 468 392 velis
491 327 643 410 ventique
666 327 817 394 laborant

92 418 155 481 Tot
179 439 310 481 curvare
334 417 423 481 sinus
448 419 694 500 servaturasque
719 417 911 482 Corinthum

90 506 304 589 Prosequitur
325 506 413 569 facili
436 505 610 589 Neptunus
634 507 764 593 gurgite
788 507 921 591 classes,

91 595 136 658 Et
160 617 252 679 puer,
275 593 443 658 Isthmiaci
465 595 531 658 iam
553 594 677 677 pridem
700 595 807 659 litoris
830 596 918 680 exul,

92 683 210 749 Secura
233 684 350 767 repetit
373 687 488 767 portus
512 705 584 747 cum
607 688 710 747 matre
732 683 915 748 Palaemon.
1056 701 1108 750 465

90 772 253 843 Plaustra,
266 793 378 836 cruore
401 775 529 837 natant:
552 772 686 836 metitur
708 772 821 856 pellita
843 772 1009 837 iuventus:

90 861 171 924 Pars
194 861 322 945 morbo,
344 882 420 945 pars
444 882 519 925 ense
542 859 634 944 perit.
679 860 757 925 Non
779 862 884 925 lustra
906 862 1037 948 Lycaei,

90 949 168 1013 Non
190 949 429 1033 Erymantheae
452 949 517 1013 iarn
541 949 633 1033 copia
656 950 777 1014 sufficit
800 951 933 1015 umbrae

92 1037 274 1102 Innumeris
298 1041 413 1102 exusta
436 1038 538 1124 rogis,
560 1037 745 1121 nudataque
768 1039 854 1103 ferro

92 1127 145 1191 Sic
167 1127 323 1214 flagrasse
345 1149 421 1191 suas
444 1126 607 1192 laetantur
629 1126 777 1191 Maenala
800 1128 907 1191 silvas.
1056 1145 1108 1194 470

92 1214 193 1300 Gens,
217 1238 280 1298 qua
302 1237 370 1279 non
392 1215 563 1298 Scythicos
587 1215 734 1279 diffusior
756 1215 824 1279 ulla
847 1215 981 1280 Triones
1055 1233 1108 1282 474

91 1303 245 1388 incoluit,
269 1304 321 1367 cui
344 1327 463 1388 parvus
486 1303 592 1368 Athos
616 1309 818 1390 angustaque
842 1304 978 1389 Thrace,
1055 1321 1107 1370 475

93 1392 175 1456 Cum
197 1392 364 1478 transiret,
388 1398 470 1477 erat,
492 1415 550 1477 per
573 1398 605 1457 te
628 1393 776 1476 viresque
799 1397 930 1469 tuorum

92 1480 209 1544 Fracta
232 1481 349 1549 ducum
371 1482 525 1567 lugetque
550 1481 613 1546 sibi
635 1482 700 1546 iam
723 1504 796 1545 rara
819 1485 996 1567 superstes,

92 1570 150 1655 Et,
174 1592 312 1653 quorum
334 1571 449 1634 turbae
473 1571 614 1654 spatium
637 1571 692 1634 vix
714 1571 864 1654 praebuit
888 1570 990 1656 orbis,

91 1658 166 1722 Vno
191 1659 272 1723 colle
294 1659 406 1723 latent.
453 1658 573 1723 Sitiens
597 1659 785 1742 inclusaque
808 1659 894 1723 vallo

91 1748 231 1831 Ereptas
255 1748 414 1831 quaesivit
437 1769 551 1833 aquas,
574 1770 655 1831 quas
678 1748 828 1812 hostibus
851 1753 926 1812 ante
1056 1765 1109 1815 480
1161 1830 1164 1834 4

94 1836 273 1921 Contiguas
297 1836 361 1899 alio
386 1835 523 1900 Stilicho
547 1836 718 1901 deflexerat
742 1859 819 1901 arou

92 1924 329 2006 Mirantemque
351 1946 452 1988 novas
475 1924 588 2011 ignota
610 1948 668 2010 per
691 1926 762 1990 avia
784 1926 885 1991 valles

92 2012 236 2076 Iusserat
260 2034 372 2076 averso
395 2013 529 2078 fluvium
552 2014 691 2101 migrare
714 2019 831 2080 meatu.
1055 2031 1107 2081 483

92 2101 247 2166 Excutiat
270 2101 391 2166 cineres
414 2102 559 2188 Ephyre,
583 2101 762 2187 Spartanus
786 2109 818 2168 et
841 2102 943 2169 Arcas
1056 2121 1107 2170 471

93 2191 208 2255 Tutior
231 2191 387 2277 exanguis
410 2191 546 2275 pedibus
568 2193 733 2276 proculcet
757 2215 888 2258 acervos

91 2279 253 2363 Fessaque
277 2280 420 2363 pensatis
444 2281 579 2365 respiret
604 2281 737 2346 Graecia
760 2283 886 2365 poenis!
1055 2299 1108 2348 4⁷3

160 2367 263 2432 Obvia
287 2369 364 2451 quid
386 2369 504 2434 mirum
527 2370 626 2453 vinci,
649 2392 723 2434 cum
745 2370 903 2434 barbarus
926 2369 1014 2433 ultro
1055 2387 1109 2436 484

92 2456 162 2520 Iam
186 2458 294 2541 cupiat
318 2457 437 2522 servire
459 2458 543 2522 tibi?
588 2458 657 2522 Tua
681 2457 829 2522 Sarmata
852 2457 974 2521 discors
1056 2474 1108 2524 485

92 2545 300 2611 Sacramenta
322 2546 417 2631 petit3
440 2547 583 2629 proiecta
604 2546 689 2629 pelle
712 2544 855 2610 Gelonus

93 2635 229 2719 Militat,
251 2635 286 2696 in
307 2633 419 2697 Latios
443 2634 525 2697 ritus
549 2634 713 2698 transistis
736 2632 843 2697 Alani.

92 2723 138 2787 Vt
162 2725 263 2787 fortes
286 2721 321 2784 in
343 2721 448 2785 Marte
470 2722 558 2785 viros
581 2722 760 2804 animisque
782 2725 928 2807 paratos,

94 2811 146 2876 Sic
169 2813 274 2876 iustos
297 2809 332 2873 in
353 2831 431 2893 pace
454 2809 537 2896 legis
559 2810 757 2896 longumque
780 2811 881 2875 tueris

93 2901 226 2966 Electos
250 2899 370 2963 crebris
392 2920 452 2963 nec
475 2898 719 2963 succedentibus
742 2921 847 2986 urges.
1054 2918 1107 2968 490

93 2989 258 3055 Iudicibus
281 2988 369 3052 notis
392 2988 547 3075 regimur,
570 2988 771 3072 fruimurque
794 2987 912 3072 quietis

93 3080 293 3163 Militiaeque
316 3077 424 3163 bunia,
448 3099 506 3141 ceu
529 3077 687 3142 bellatore
710 3077 858 3163 Quirino,

95 3169 161 3232 Ceu
184 3167 310 3253 placido
333 3167 518 3231 moderante
540 3166 657 3232 Numa.
701 3165 779 3231 Non
800 3165 936 3231 inminet
959 3167 1060 3252 ensis,

93 3258 212 3322 Nullae
233 3255 393 3322 nobilium
417 3256 541 3341 caedes,
563 3277 630 3320 non
653 3255 786 3319 crimina
808 3256 907 3343 vulgo

93 3347 273 3432 Texantur3
296 3345 401 3428 patria
424 3347 566 3408 maestus
588 3366 656 3408 non
677 3343 819 3408 truditur
841 3345 929 3429 equ3
1056 3361 1109 3410 495

165 3544 306 3595 471-473
320 3543 386 3606 post
404 3541 455 3590 483
474 3536 634 3605 transposui
652 3542 762 3592 canore
781 3537 817 3590 B.
