2392 3870
84 156 281 211 cacurrvn
298 156 426 240 uruca.
446 157 726 241 corrosorum,
750 175 773 213 0.
790 157 988 215 xxxv-xa
1026 157 1092 222 251

82 318 174 383 Vidit
197 319 365 402 perspicuo
390 319 560 403 deprensas
584 343 742 386 marmore
764 321 928 406 lymphas,

128 407 216 471 Dura
240 408 357 491 quibus
381 409 459 472 solis
483 432 612 492 parcere
635 410 726 474 novit
749 410 865 494 hieme,

83 496 128 560 Et
152 498 271 560 siccum
294 497 438 583 relegens
461 498 561 562 labris
585 498 770 562 sitientibus
795 499 906 563 orbem
1081 513 1097 563 5

128 583 229 649 Inrita
253 586 406 668 quaesitis
430 587 540 650 oscula
562 587 634 651 fixit
658 588 761 670 aquis.

463 778 588 838 xxxia
607 779 715 851 (arn.)

82 887 299 951 Marmoreum
320 909 361 951 ne
385 909 498 971 sperne
521 888 668 974 globum:
693 890 875 973 spectacula
897 889 1016 954 transit

128 976 230 1062 Regia
253 997 312 1039 nec
334 975 446 1040 Rubro
470 976 566 1041 vilior
587 978 649 1041 iste
672 978 762 1042 mari.

83 1064 235 1128 Informis
258 1063 391 1150 glacieS,
415 1087 529 1128 saxum
551 1065 642 1149 rude,
664 1066 755 1129 nulla
778 1067 901 1152 figurae

129 1152 253 1217 Gratia:
278 1152 333 1216 sed
355 1175 444 1216 raras
466 1153 551 1217 inter
573 1154 712 1217 habetur
735 1176 820 1238 opes.

510 1362 566 1421 xa.
583 1363 675 1434 (aar.)

332 1495 529 1554 EPISTVLA
551 1495 606 1554 AD
633 1494 850 1559 OLYBRIVM.

84 1614 168 1692 Quid
191 1637 273 1698 rear,
297 1614 424 1678 adfatus
448 1613 535 1697 quod
556 1636 623 1678 non
645 1613 725 1678 mihi
749 1613 861 1700 dirigis
884 1615 969 1679 ullos

128 1702 197 1769 Nec
219 1703 301 1767 redit
325 1703 448 1766 alterno
472 1703 588 1785 pollice
613 1703 707 1766 ducta
731 1704 843 1767 salus?

85 1792 292 1857 Scribendine
315 1791 430 1855 labor?
467 1789 530 1855 Sed
553 1813 633 1874 quae
656 1796 724 1856 tam
746 1814 848 1874 prona
871 1792 1022 1879 facultaS,

131 1881 280 1945 Carmina
303 1902 359 1944 seu
381 1879 489 1944 fundis
513 1902 569 1944 seu
594 1879 744 1944 Cicerone
768 1882 885 1945 tonas?

85 1969 203 2034 Cedere
227 1969 347 2033 divitiis
371 1964 470 2033 animi
493 1969 624 2033 fortuna
647 1969 767 2033 fatetur
1080 1988 1096 2037 5

130 2059 173 2123 Et
197 2063 304 2122 tantas
329 2057 393 2122 oris
417 2057 508 2141 copia
530 2057 630 2122 vincit
654 2081 739 2142 opes.

85 2218 138 2283 An
160 2240 252 2282 rarus
276 2217 332 2302 qui
355 2217 474 2302 scripta
497 2217 601 2282 ferat?
639 2217 724 2294 Quin
745 2221 889 2302 tempore
911 2219 1002 2283 nullo

131 2307 264 2371 Cessent
287 2306 463 2371 Flaminiae
485 2307 709 2390 pulverulenta
732 2307 813 2375 viae.

55 2395 167 2482 ‚Cum
189 2397 269 2460 fluat
291 2395 470 2482 ingenium,
494 2418 566 2460 cum
590 2395 632 2459 sit
657 2395 712 2478 qui
736 2394 821 2458 dicta
843 2399 1000 2480 reportet,

130 2484 230 2570 Quae,
252 2485 316 2548 nisi
339 2488 540 2568 contemnor,
564 2506 659 2547 causa
682 2483 795 2547 relicta
817 2482 901 2547 tibi?
1066 2502 1099 2550 10

84 2573 232 2656 Despicis
255 2594 332 2658 ergo
348 2576 461 2655 tuum,
485 2571 512 2635 si
536 2571 585 2634 fas
609 2576 658 2635 cst
681 2570 821 2656 credere,
844 2575 950 2635 ratem

129 2660 288 2745 Perfidusr,
312 2665 343 2724 et
367 2658 471 2743 spatio
496 2659 683 2723 debilitatur
706 2681 803 2724 amor.

85 2819 312 2884 Excidimusne
336 2818 421 2882 tibi?
456 2819 576 2882 Lucem
597 2818 663 2882 iam
687 2819 801 2883 condet
824 2818 1008 2906 Hydaspes,

132 2908 175 2972 Et
199 2908 397 2993 Tartesiaca,
420 2906 490 2993 Sol,
514 2907 614 2971 oriere
638 2906 733 2993 rado,

86 2997 261 3062 Candescet
286 2996 406 3062 Geticis
429 2996 538 3061 Meroe
562 3018 714 3060 conversa
737 2995 861 3079 pruinis
1067 3017 1098 3065 15

132 3085 288 3170 Claraque
312 3108 345 3150 se
368 3085 469 3150 vetito
492 3085 620 3170 proluet
642 3084 727 3148 Vrsa
750 3086 844 3170 mari,

86 3176 144 3259 Et,
168 3176 195 3239 si
218 3176 282 3239 iam
304 3179 434 3239 nostros
458 3174 583 3238 fastidit
608 3167 760 3257 Olybrius
783 3173 888 3261 ignes,

132 3264 266 3328 Constat
281 3262 456 3328 ‘Oresteam
477 3263 525 3328 nil
548 3262 687 3327 valuisse
710 3262 814 3328 fidem.

87 3421 173 3499 Quin
196 3446 255 3510 age
279 3446 390 3508 rumpe
413 3446 520 3488 moras
544 3422 769 3507 solaturusque
793 3423 935 3489 sodalem

133 3511 260 3576 Absens
284 3512 412 3596 eloquio
435 3513 592 3577 fertiliore
616 3512 705 3597 doce,
1067 3530 1102 3578 ao
