2392 3870
72 177 1086 251 (xxvna(xxvni)Paunera.nasaxrocous.nou.177

72 343 125 406 En
147 342 307 427 princeps,
331 363 371 405 en
394 341 483 405 orbis
507 363 588 425 apex
612 346 767 424 aequatus
792 340 945 427 Olympo!

117 431 170 494 En
194 431 305 513 quales
327 430 473 516 memini,
496 430 593 494 turba
615 430 765 515 verenda,
789 430 878 494 deos!

72 517 211 604 Fingere
233 519 281 583 nil
303 518 407 582 maius
430 519 537 602 potuit
562 539 667 603 sopor,
691 519 820 602 altaque
843 519 910 583 vati
1055 539 1088 587 25

121 606 320 672 conventum
344 608 432 671 eaelo
455 606 604 692 praebuit
629 608 702 671 aula
724 629 842 691 parem.

473 806 687 814 -—-—--——--

409 962 756 1037 PANneYRIOVS.

509 1115 655 1184 (11111)

141 1226 248 1290 Aurea
270 1224 434 1288 Fortunae
456 1223 580 1288 Reduci
603 1224 631 1287 si
653 1224 774 1307 templa
797 1226 921 1308 priores

74 1314 123 1380 Ob
147 1315 286 1378 reditum
308 1334 424 1377 vovere
447 1313 572 1398 ducum,
594 1334 661 1377 non
684 1313 813 1398 dignius
835 1336 990 1398 umquam

73 1404 162 1467 Haec
186 1403 244 1466 dea
266 1423 325 1485 pro
349 1400 474 1465 meritis
498 1401 622 1484 amplas
646 1401 708 1465 sibi
730 1408 878 1486 posceret
901 1404 1004 1488 aedes,

74 1492 177 1569 Quam
202 1513 259 1554 sua
283 1513 355 1554 cum
378 1490 500 1574 pariter
521 1489 643 1554 trabeis
666 1494 834 1573 reparatur
858 1496 890 1556 et
913 1492 987 1556 urbi

19 1581 21 1584 ⁴
73 1581 240 1644 Maiestas:
264 1601 368 1662 neque
392 1579 477 1643 enim
500 1601 631 1662 campus
656 1579 823 1643 sollemnis
841 1584 879 1647 ‚et
902 1603 983 1645 urna
1073 1597 1089 1648 1

73 1670 212 1733 Luditur
234 1669 269 1732 in
291 1689 423 1753 morem,
447 1667 569 1752 species
590 1689 650 1731 nec
674 1667 803 1731 dissona
826 1674 920 1733 coetu

73 1757 141 1822 Aut
165 1756 335 1843 peregrina
357 1757 440 1821 nitet
464 1756 609 1820 simulati
632 1756 714 1831 iuris
736 1756 852 1843 image.

73 1845 247 1931 indigenas
270 1845 401 1909 habitus
424 1845 535 1909 nativa
557 1844 680 1928 palatia
704 1850 844 1931 sumunt,

72 1934 133 2020 Ε1,
156 1935 271 2018 patriis
294 1934 422 2017 plebem
445 1933 560 1997 castris
584 1933 728 1998 sociante
752 1933 898 2019 Quirino,

73 2023 161 2086 Mars
185 2021 334 2122 Augusta
300 2023 409 2086 tsui
432 2025 566 2086 renovat
590 2023 744 2108 suffragia
767 2023 879 2107 campi.
1056 2042 1090 2090 10

75 2111 186 2186 Qualis
210 2111 399 2198 1111111111,
422 2133 518 2195 quem
541 2133 635 2175 mons
657 2111 842 2175 Euandrius
867 2111 961 2176 offert

72 2199 229 2264 Romanis
254 2201 381 2286 avibus,
405 2223 500 2283 quem
522 2199 664 2283 Thybris
684 2200 867 2352 inaugurat,
891 2199 1016 2264 annus?

118 2289 318 2372 Quamquam
342 2253 462 2374 orimes,
487 2289 680 2372 quicumque
703 2289 753 2352 tui
778 2288 990 2374 cognominis,
1013 2289 1091 2354 anni

75 2375 206 2461 Semper
228 2378 423 2443 inoffensum
446 2342 591 2442 dederint
615 2377 817 2441 successibus
841 2398 936 2441 omen

74 2465 148 2529 Sint
134 2470 212 2549 tque
236 2470 369 2551 tropaea
391 2471 465 2530 tuas
490 2488 615 2549 semper
638 2465 792 2529 comitata
816 2486 951 2550 secures,
1057 2483 1089 2532 16

63 2554 136 2618 Hic
158 2558 268 2618 tamen
291 2559 365 2618 ante
389 2576 500 2618 omnes
522 2554 606 2617 miro
629 2553 834 2637 promittitur
856 2557 946 2639 ortu,

71 2642 172 2706 Vrbis
196 2645 228 2704 11
250 2641 394 2727 Augusti
417 2642 581 2728 geminato
603 2641 736 2705 numine
759 2641 846 2706 felix.
971 2674 973 2678 ·

71 2730 221 2813 Namque
244 2730 333 2794 velut
357 2730 469 2794 stellas
491 2729 674 2813 Babylonia
697 2751 773 2794 cura
796 2729 942 2795 salubres

73 2818 205 2903 Optima
228 2822 306 2882 tunc
330 2819 466 2901 spondet
489 2818 683 2882 mortalibus
706 2817 798 2882 edere
821 2818 897 2903 tata,

74 2906 254 2973 Caelicolae
278 2930 350 2971 cum
374 2907 459 2971 celsa
481 2910 592 2970 tenent
615 2929 806 2991 summoque
828 2907 977 2972 ferrmtur
1053 2925 1087 2974 ao

74 2996 209 3060 Cardine
232 3018 291 3061 nec
314 2996 422 3060 radios
444 2995 560 3059 humili
584 2997 722 3060 statione
745 2996 936 3061 recondunt:

71 3084 169 3148 Haud
192 3085 286 3150 aliter
307 3085 420 3149 Latiae
444 3082 592 3149 sublimis
616 3084 759 3172 Signifer
782 3085 883 3170 aulae,

71 3172 204 3257 Imperii
228 3175 318 3239 sidus
340 3174 471 3259 propria
496 3195 569 3237 oum
592 3172 665 3236 sede
688 3173 817 3258 locavit,

71 3261 182 3348 Auget
206 3285 278 3347 spes
301 3261 415 3350 Italas3
439 3267 471 3328 11
495 3261 613 3326 certius
637 3261 745 3346 omina
768 3265 906 3348 surgunt

72 3350 211 3416 Victrioi
235 3357 388 3436 concepta
412 3352 491 3417 solo.
1054 3365 1088 3414 25

545 3439 627 3502 Cum
648 3437 781 3521 pulcher
799 3435 919 3522 Apollo

70 3527 205 3591 Lustrat
227 3528 455 3612 Hyperboreas
478 3527 615 3611 Delphis
639 3525 842 3590 cessantibus
865 3547 946 3610 aras,

128 3640 270 3681 0111111111
284 3642 347 3693 Oria,
365 3643 399 3682 ed.
413 3641 500 3682 Koch.
847 3635 888 3682 A‘l.
