2392 3870
72 165 195 237 (XXIV.)
218 165 268 219 DE
288 163 439 222 CONSVL.
459 162 682 220 STILICHONIS
701 164 813 219 LIBER
830 164 993 222 TERTIVS.
1021 166 1085 230 175

69 329 115 393 Et
137 329 239 391 fixum
262 326 320 391 dea
343 331 475 409 quassat
498 327 578 391 ebur
599 327 793 410 penitusque
817 328 957 392 eruentis

72 416 236 500 Stirpibus
259 415 380 480 avulsis
401 415 533 500 patulos
557 419 701 479 exarmat
723 415 840 480 hiatus.

70 503 164 589 Ipsos
188 503 268 587 quin
290 503 387 568 etiam
408 503 504 567 nobis
527 502 683 568 miracula
704 504 802 568 vellet

71 593 208 657 Ducere:
232 591 289 656 sed
309 592 403 678 pigra
427 591 572 656 cunctari
594 592 680 656 mole
702 595 838 656 veretur.
1033 608 1084 657 355

138 680 321 764 Tyrrhenas
344 680 431 744 fetus
453 680 594 763 Libycos
617 681 764 764 amplexa
786 702 844 763 per
865 679 968 743 undas

74 769 195 833 Classis
217 773 311 834 torva
334 772 438 853 sonat,
461 768 658 851 caudamque
685 768 720 831 in
742 791 849 852 puppe
873 772 1063 851 retorquens

70 857 122 921 Ad
144 879 275 941 proram
296 857 380 921 iacet
402 878 505 940 usque
527 857 594 921 leo:
617 857 672 920 vix
696 857 843 921 sublevat
866 879 966 921 unum

72 945 176 1009 Tarda
199 945 293 1010 ratis!
316 944 478 1008 Fremitus
502 945 629 1032 stagnis
653 944 782 1008 auditur
804 945 839 1009 in
860 945 935 1009 imis

73 1033 259 1117 Cunctaque
282 1033 458 1117 prosiliunt
482 1038 550 1098 eete
573 1038 764 1115 terrenaque
786 1032 911 1098 Nereus
1032 1050 1085 1101 360

73 1122 205 1186 Confert
227 1126 374 1186 monstra
397 1122 464 1185 suis
488 1125 520 1186 et
542 1143 609 1186 non
631 1143 768 1205 aequare
790 1121 919 1186 fatetur.

70 1210 222 1293 Aequora
246 1210 293 1274 sie
315 1210 419 1274 vietor
443 1210 592 1293 quotiens
614 1232 672 1294 per
694 1209 792 1274 rubra
813 1210 940 1294 Lyaeus

71 1299 224 1384 Navigat,
246 1299 413 1381 intorquet
436 1298 562 1363 olavum
585 1297 713 1363 Silenus
737 1302 769 1362 et
793 1319 881 1362 aeres

71 1385 241 1451 Adsudant
264 1387 369 1450 tonsis
393 1385 501 1471 Satyri
523 1387 715 1470 taurinaque
736 1387 834 1471 pulsu

72 1474 272 1538 Baccharum
294 1474 445 1539 Bromios
467 1475 608 1540 invitant
630 1480 784 1559 tympana
807 1497 925 1538 remos:
1033 1491 1085 1540 365

72 1562 227 1627 Transtra
249 1563 353 1649 ligant
376 1563 520 1650 hederae,
542 1565 664 1628 malum
688 1563 873 1628 circumflua
895 1563 993 1627 vestit

70 1651 256 1738 Pampinus‚
279 1653 428 1717 antennis
450 1652 608 1717 inlabitur
630 1652 720 1716 ebria
743 1674 882 1737 serpens,

32 1797 33 1800 ,
72 1739 196 1823 Perque
219 1763 307 1805 mero
330 1740 485 1805 madidos.
500 1745 634 1805 currunt
657 1741 841 1824 saliuntque
864 1740 1014 1805 rudentes

71 1828 196 1911 Lynees
220 1832 252 1892 et
274 1829 425 1893 insolitae
447 1829 607 1894 mirantur
630 1831 762 1894 carbasa
785 1830 894 1916 tigres

144 2025 196 2074 357
216 2021 309 2092 torva]
328 2021 454 2090 Battus
472 2021 564 2077 turba.
