2392 3870
70 176 205 247 (XXXV.)
217 176 266 229 DE
276 175 399 230 RAPTV
414 174 667 231 PROSERPINAE
681 175 791 230 LIBER
802 175 1000 232 SECVNDVS.
1020 174 1085 238 277

69 339 197 403 Debilis
220 343 253 402 et
276 339 371 403 fessis
395 338 598 422 serpentibus
621 338 756 422 impedit
780 335 885 403 axem:

70 428 207 492 Fumida
231 428 405 511 sulphureo
428 427 629 511 praelabitur
652 427 758 491 orbita
782 427 886 492 dorso.

69 516 119 580 Ae
141 518 231 581 velut
254 517 400 581 occultus
424 539 572 580 securum
594 516 702 603 pergit
724 516 759 580 in
780 515 908 580 hostem

70 605 166 669 Miles
189 610 222 669 et
245 606 354 670 effossi
378 606 490 669 subter
513 605 701 669 fundamina
725 605 829 688 campi

70 694 226 758 Transilit
248 695 392 758 inclusos
416 717 532 759 arcano
555 694 660 758 limite
682 716 793 758 muros
1038 709 1088 759 155

70 783 243 867 Turbaque
266 784 415 867 deceptas
438 783 718 867 victrixerumpit
740 783 776 846 in
799 805 887 847 arces

70 871 261 959 Terrigenas
284 873 411 936 imitata
434 873 535 937 viros:
559 872 606 937 sic
629 872 745 936 tertius
769 871 861 936 heres

71 959 202 1025 Saturni
224 961 388 1025 latebrosa
410 962 504 1047 vagis
526 961 663 1024 rimatur
685 960 822 1024 habenis

68 1049 186 1133 Dema,
209 1050 389 1114 fraternum
413 1050 544 1133 cupiens
568 1050 655 1113 exire
679 1049 739 1112 sub
764 1049 883 1112 orbem.

69 1137 284 1225 Ianuanulla
306 1141 413 1223 patet3
435 1137 652 1221 prohibebant
675 1137 817 1220 undique
839 1158 936 1220 rupes
1038 1153 1091 1202 175

71 1225 247 1310 Oppositae
271 1226 414 1309 duraque
438 1227 533 1290 deum
556 1247 710 1312 compage
733 1225 900 1289 tenebant:

69 1314 147 1379 Non
169 1314 246 1378 tulit
268 1315 325 1378 ille
348 1337 456 1378 moras
478 1315 730 1401 indignatusque
752 1314 872 1377 trabali

71 1401 155 1468 Saxa
178 1403 255 1467 ferit
279 1407 414 1487 sceptro.
453 1401 580 1468 Siculae
604 1425 739 1467 sonuere
763 1424 929 1488 cavernae3

70 1491 235 1555 Turbatur
256 1492 387 1578 Lipare3
411 1492 538 1576 stupuit
561 1493 692 1556 fornace
715 1492 827 1555 relicta

70 1580 231 1645 Mulciber
254 1585 286 1645 et
309 1581 454 1664 trepidus
478 1581 592 1645 deiecit
615 1581 752 1644 fulmina
777 1579 923 1663 Cyclops.
1038 1595 1090 1645 175

70 1668 184 1733 Audiit
208 1673 240 1733 et
264 1670 292 1732 si
316 1692 411 1753 quem
434 1670 554 1756 glacies
577 1668 698 1754 Alpina
721 1673 846 1733 coercet

10 1760 13 1768 '
69 1757 115 1821 Et
139 1758 195 1841 qui
217 1763 264 1843 te,
286 1758 390 1822 Latiis
412 1759 557 1822 nondum
579 1758 760 1842 praecincte
783 1757 926 1840 tropaeis

71 1846 208 1932 Thybri,
230 1851 323 1911 natat
346 1847 542 1930 missamque
564 1846 653 1912 Pado
678 1847 735 1931 qui
757 1846 896 1932 remigat
919 1845 1039 1910 alnum.

139 1934 205 2021 Sic,
229 1957 303 2000 cum
325 1935 527 2000 Thessaliam
551 1936 692 2020 scopulis
716 1935 841 2000 inclusa
864 1938 987 1999 teneret

70 2023 176 2089 Peneo
201 2028 374 2110 stagnante
396 2025 490 2108 palus
514 2029 546 2088 et
568 2047 674 2089 mersa
695 2029 830 2111 negaret
1040 2040 1091 2090 180

70 2113 159 2177 Arva
183 2113 260 2197 coli,
283 2113 393 2176 trifida
415 2113 588 2198 Neptunus
613 2114 743 2198 cuspide
766 2118 893 2178 montes

70 2200 205 2285 Impulit
229 2203 393 2266 adversos:
416 2207 495 2266 tunc
517 2203 598 2267 forti
622 2203 749 2267 saucius
772 2203 840 2267 ictu

71 2290 223 2354 Dissiluit
246 2291 353 2378 gelido
377 2295 488 2356 vertex
512 2290 651 2356 Ossaeus
675 2290 831 2375 Olymp03

72 2379 261 2444 Carceribus
285 2381 437 2445 laxantur
459 2403 561 2464 aquae
584 2381 736 2463 factoque
758 2384 867 2443 meatu

69 2468 262 2533 Redduntur
283 2470 465 2552 fluviusque
488 2469 571 2533 mari
594 2470 756 2551 tellusque
780 2467 913 2531 colonis,
1037 2483 1089 2534 185

137 2557 316 2640 Postquam
338 2558 426 2621 victa
448 2580 546 2621 manu
570 2557 668 2620 duros
691 2555 857 2619 Trinacria
879 2577 982 2619 nexus

72 2644 177 2709 Solvit
201 2649 233 2708 et
256 2645 403 2709 inmenso
426 2644 492 2708 late
516 2645 663 2709 discessit
685 2643 792 2728 hiatu,

70 2732 215 2815 Adparet
239 2732 367 2796 subitus
391 2734 479 2797 caelo
503 2733 614 2819 timor3
638 2736 726 2797 astra
748 2733 873 2796 viarum

70 2820 238 2885 Mutavere
257 2821 369 2907 'fidem3
391 2822 493 2885 vetito
517 2844 551 2885 se
573 2821 697 2906 proluit
719 2820 838 2886 Arctos

70 2909 234 2996 Aequore3
256 2910 448 2994 praecipitat
470 2910 600 2998 pigrum
622 2910 761 2975 formido
784 2910 923 2997 Booten3
1037 2929 1088 2978 190

70 2998 208 3063 Horruit
232 2997 340 3063 Orion.
377 2998 500 3063 Audito
523 3000 640 3083 palluit
662 2999 758 3063 Atlas

70 3087 227 3153 Hinnitu:
250 3088 368 3152 rutilos
392 3088 545 3153 obscurat
567 3089 729 3153 anhelitus
753 3111 828 3152 axes

70 3176 221 3241 Discolor
244 3181 276 3240 et
299 3177 397 3263 longa
421 3177 536 3242 solitos
560 3178 698 3264 caligine
720 3177 810 3261 pasci

71 3265 200 3330 Terruit
223 3266 313 3330 orbis
336 3289 450 3351 equos3
472 3266 593 3351 pressis
615 3266 746 3330 haesere
769 3266 891 3350 lupatis

70 3352 215 3418 Attoniti
237 3355 369 3419 meliore
392 3356 468 3439 polo
492 3378 668 3439 rursusque
690 3355 864 3419 verendum
1036 3371 1087 3419 195

70 3441 110 3506 ln
132 3442 230 3506 chaos
254 3444 388 3527 obliquo
412 3449 537 3509 certant
559 3449 688 3509 temone
710 3445 836 3509 reverti.

69 3530 149 3595 Mox
172 3531 229 3596 ubi
250 3533 381 3618 pulsato
405 3538 574 3598 sensenmt
596 3534 730 3599 verbera
752 3537 845 3619 tergo
