2392 3870
137 154 205 218 250
468 151 617 208 calven
635 152 843 210 cunvmnm

137 316 216 393 Quis
240 321 332 399 tepor
354 316 498 379 inclusus
521 337 650 380 securas
670 315 818 382 vindicat
843 320 986 387 undas?
1149 338 1161 389 t

182 404 319 469 Interior
342 404 460 489 glacies
484 426 548 487 quo
572 404 746 488 liquefacta
769 404 896 473 Noto?

138 494 271 559 Gemma
295 493 412 577 quibus
436 493 541 557 causis
565 514 681 557 arcano
703 493 841 559 mobilis
866 504 973 565 aestu

186 582 242 645 l'cl
266 586 414 646 concreta
436 582 499 645 fuit
522 582 574 646 vel
596 582 739 646 resoluta
762 585 869 669 gelu?

517 755 629 812 xxxv
649 756 774 828 (auu)

138 865 269 929 Solibus
292 865 428 929 indomit
414 870 484 929 tum
484 866 640 1018 glaciest
650 864 819 949 Alpina
792 890 949 954 rigorem

184 953 336 1017 Sumebat
358 954 458 1017 nimio
481 953 546 1018 iam
568 955 710 1037 pretiosa
732 955 809 1042 gelu

137 1042 187 1107 N
172 1064 205 1105 cc
231 1047 286 1125 pot
288 1042 373 1106 uitt
395 1043 583 1106 tomentiri
606 1065 739 1127 corpore
761 1066 955 1136 gemmam,

183 1131 244 1195 Sed
267 1064 393 1195 medioO
395 1130 513 1195 mansit
536 1132 644 1214 prodit
646 1154 682 1196 or
705 1131 783 1196 orbe
806 1133 911 1202 latex.

137 1220 223 1284 Auct
209 1225 262 1284 tus
286 1220 402 1284 honor·
396 1219 540 1303 liquidi
565 1225 710 1285 crescunt
733 1220 896 1289 miracula
922 1231 1018 1317 saxi,
1154 1248 1166 1297 5

182 1309 225 1373 Et
249 1313 454 1373 conservatae
477 1309 550 1392 plus
574 1309 737 1373 meruistis
760 1331 875 1393 aquae.

525 1483 766 1553 xxxv1.(n1x.)

138 1593 276 1676 Adspice
299 1597 480 1677 porrectam
504 1592 685 1675 splendenti
706 1593 866 1680 fragmino
892 1621 1041 1689 venam,

183 1681 288 1758 Quat
274 1682 374 1745 trahit
361 1687 415 1745 tur
436 1681 529 1745 limes
551 1682 705 1746 lucidiore
728 1683 811 1770 gelu.

138 1770 201 1834 Hic
223 1771 350 1835 nullum
372 1771 499 1834 Borean
520 1791 579 1833 nec
602 1770 750 1836 brumam
774 1772 873 1836 sentit
900 1797 1039 1862 opacus

181 1858 297 1943 Vmor,
321 1859 377 1923 sed
398 1859 503 1923 varias
526 1859 615 1941 itque
638 1859 720 1924 redit
707 1864 783 1943 tque
807 1861 885 1926 vias.

138 1932 215 2012 Non
235 1912 329 2011 illu'm
352 1953 444 2011 const
446 1947 544 2011 rinxit
530 1947 683 2032 thiemS,
705 1971 772 2013 non
795 1947 901 2015 Sirius
928 1960 1049 2048 auxit
1155 1979 1168 2030 5

183 2035 308 2099 Aetatttis
333 2036 473 2119 spatium
495 2058 561 2100 non
583 2001 728 2101 tenuavit
751 2037 838 2102 edax.

526 2210 662 2265 xxxvn.
683 2211 764 2282 (nx)

140 2321 308 2386 Clauditur
330 2318 471 2383 inmunis
495 2341 636 2384 convexo
659 2322 799 2407 tegmine
823 2322 929 2409 rivus

183 2410 379 2493 Duratisque
402 2431 503 2495 vagus
526 2410 600 2473 fons
624 2410 767 2493 operitur
792 2411 893 2494 aquis.

139 2501 255 2566 Nonne
278 2501 380 2585 vides,
403 2498 542 2583 propriis
565 2502 602 2562 ut
626 2503 753 2581 spumet
775 2521 903 2587 gemma
925 2503 1071 2577 lacunis

183 2590 228 2655 Et
251 2591 369 2654 refluos
393 2588 510 2652 ducant
532 2588 648 2671 pocula
670 2587 744 2652 viva
767 2589 856 2652 sinus

138 2679 273 2761 Vdaque
296 2678 449 2764 pingatur
471 2676 568 2740 radiis
593 2675 798 2741 obstantibus
821 2675 897 2764 Iris,

185 2766 329 2830 Secretas
352 2766 473 2830 hiemes
497 2765 691 2829 sollicitante
715 2765 787 2829 die?

139 2855 223 2918 Mira
247 2855 327 2918 silex
349 2855 513 2938 mirusque
537 2855 631 2918 latex.
668 2853 712 2917 Et
736 2853 869 2918 fiumina
891 2855 1000 2925 vincit

184 2943 228 3007 Et
251 2943 372 3026 lapides
396 2943 524 3028 merito,
549 2942 635 3026 quod
658 2942 731 3006 fluit
754 2948 786 3007 et
809 2942 892 3026 lapis
916 2950 978 3012 est.

512 3098 663 3156 xxxam.
681 3099 777 3170 (uxi.)

55 3221 60 3231 ⁴
138 3211 225 3276 Dum
249 3210 400 3292 crystalla
423 3231 503 3293 puor
526 3210 711 3295 contingere
734 3209 858 3273 lubrica
881 3211 1006 3295 gaudet

146 3300 228 3421 Εἴ
214 3298 429 3384 tgelidumt
431 3319 525 3361 enero
549 3297 665 3382 pollice
689 3303 797 3362 versat
821 3320 917 3384 onus,

212 3454 327 3536 XXXIV
352 3461 366 3510 7
394 3453 498 3525 causis]
528 3456 614 3524 ideam
647 3455 784 3510 claustris.
876 3454 998 3512 XXXVI
1025 3471 1043 3519 5
1073 3471 1173 3545 auxit]

137 3534 229 3599 idem;
248 3526 316 3595 axis,
338 3525 447 3580 ardens.
