2392 3870
28 186 30 191 -
53 150 253 206 CARMINVM
271 147 398 205 MINOR.
421 148 695 218 ooanscvnvn
716 167 738 205 e.
754 148 966 205 XXX-XXXI.
1000 149 1066 214 247

463 417 563 473 xxxi.
583 417 664 487 (xm

312 549 510 609 EPISTVLA
532 549 587 608 AD
612 549 811 609 sanNAn.

55 667 183 752 Orphea
207 690 279 732 cum
301 669 422 752 primae
447 669 606 733 sociarent
627 669 760 732 numina
783 669 893 733 taedae

99 757 249 840 Ruraque
274 758 448 841 compleret
471 756 607 822 Thracia
630 758 733 821 festus
756 757 898 843 Hymen,

57 845 225 910 Certavere
248 846 333 911 ferae
356 847 598 930 picturataeque
621 846 780 931 volucres,

100 935 193 999 Dona
217 957 275 999 suo
298 936 365 1000 vati
389 957 469 1019 quae
492 936 619 1018 potiora
643 935 768 1020 darent,

54 1023 179 1108 Quippe
203 1024 288 1088 antri
311 1046 481 1109 memores,
505 1028 613 1087 cautes
636 1023 693 1087 ubi
717 1045 810 1107 saepe
834 1045 970 1088 sonorae
1051 1038 1069 1090 ὁ

98 1112 317 1176 Praebuerant
341 1112 426 1176 dulci
449 1112 530 1175 mira
553 1112 680 1176 theatra
703 1112 800 1196 lyrae.

55 1200 210 1265 Caucasio
235 1201 388 1284 crystalla
410 1201 518 1264 ferunt
542 1201 580 1264 de
602 1200 720 1264 vertice
744 1200 867 1284 lynces,

100 1289 225 1373 Grypes
248 1288 451 1373 Hyperborei
474 1289 616 1372 pondera
638 1289 727 1352 fulva
752 1288 822 1353 soli.

14 1386 16 1391 '
54 1377 192 1442 Furatae
214 1377 350 1441 Veneris
373 1382 466 1461 prato
490 1400 547 1461 per
568 1378 663 1441 inane
687 1377 854 1441 columbae

99 1466 214 1529 Florea
237 1466 366 1530 conexis
391 1471 475 1530 serta
498 1468 601 1530 tulere
624 1466 720 1550 rosis,
1036 1484 1069 1531 ro

54 1555 232 1638 Fractaque
254 1555 414 1619 nobilium
437 1555 534 1618 ramis
558 1555 676 1619 electra
699 1576 846 1618 sororum

101 1643 227 1727 Cycnus
251 1643 395 1708 oloriferi
418 1644 505 1708 vexit
528 1643 568 1706 ab
593 1665 685 1707 amne
708 1643 801 1728 Padi,

54 1733 99 1796 nt
122 1732 199 1798 Nilo
223 1733 384 1819 Pygmaea
407 1754 503 1819 grues
525 1736 601 1816 post
624 1732 709 1796 bella
732 1753 878 1797 remenso

101 1820 162 1885 Ore
185 1821 297 1908 legunt
319 1821 424 1885 Rubri
446 1822 590 1908 germina
615 1843 686 1884 cara
709 1821 816 1885 maris,

54 1909 153 1974 Venit
176 1913 208 1973 et
231 1914 373 1974 extremo
397 1910 542 1974 Phoenix
564 1910 740 1996 longaevus
764 1910 804 1973 ab
828 1910 918 1974 Euro
1035 1925 1069 1974 15

99 1997 284 2082 Adportans
306 2020 389 2062 unco
414 1999 560 2062 cinnama
582 2020 655 2062 rara
678 1999 765 2081 pede.

53 2086 155 2152 Nulla
178 2087 285 2151 avium
307 2087 527 2171 pecudumque
549 2087 625 2172 fuit,
649 2109 729 2170 quae
752 2088 835 2152 ferre
857 2092 990 2176 negaret

99 2175 249 2262 Vectigal
270 2177 402 2241 meritae
427 2176 595 2240 conubiale
618 2176 715 2260 lyrae.

54 2353 145 2417 'I'unc
168 2353 284 2437 opibus
307 2359 442 2437 totoque
465 2353 631 2418 Heliconis
656 2352 766 2416 sedula
789 2375 891 2439 regno

100 2441 243 2506 Omabat
265 2444 429 2527 propriam
454 2442 617 2526 Calliopea
639 2464 765 2505 nurum.
1034 2459 1069 2506 20

54 2529 163 2615 Ipsam
186 2534 350 2615 praeterea
373 2531 535 2594 dominam
558 2529 719 2594 stellantis
743 2527 873 2612 Olympi

99 2619 151 2683 Ad
172 2619 242 2682 nati
264 2619 425 2682 thalamos
449 2640 527 2682 ausa
549 2639 664 2704 rogare
685 2638 811 2700 parens.
954 2689 957 2694 ¹

53 2708 123 2772 Nec
147 2707 267 2790 sprevit
290 2707 401 2792 regina
425 2707 518 2770 deum
540 2707 592 2770 vel
615 2705 728 2769 matris
750 2706 874 2770 honore

99 2794 162 2859 Vel
183 2795 270 2858 iusto
294 2795 377 2859 vatis
401 2795 496 2858 ducta
519 2794 627 2859 favore
650 2794 710 2879 pii,

55 2883 118 2960 Qui
142 2884 204 2947 sibi
228 2883 422 2947 carminibus
445 2883 565 2947 totiens
587 2883 781 2947 lustraverat
805 2905 878 2947 aras
1033 2900 1069 2949 25

99 2971 233 3037 Iunonis
256 2972 374 3036 blanda
395 2971 528 3035 numina
551 2993 628 3037 voce
652 2993 768 3035 canens

55 3062 245 3145 Proeliaque
268 3061 400 3125 altisoni
422 3060 563 3125 referens
586 3061 763 3146 Phlegraea
786 3061 908 3147 mariti,

100 3151 252 3214 Titanum
275 3150 394 3215 fractas
417 3149 634 3234 Enceladique
656 3149 769 3213 minas.

55 3236 147 3303 Ilicet
171 3239 310 3304 adventu
332 3244 460 3303 noctem
484 3239 615 3325 dignata
637 3238 779 3325 iugalem

100 3326 232 3392 Addidit
255 3328 409 3414 augendis
432 3349 565 3391 munera
588 3349 677 3390 sacra
700 3327 795 3413 toris,
1035 3345 1070 3393 30

54 3416 191 3480 Munera
213 3417 365 3481 mortales
388 3439 455 3481 non
478 3416 681 3480 admittentia
704 3416 823 3502 cultus,

101 3505 247 3592 Munera,
270 3527 352 3589 quae
375 3506 462 3570 solos
484 3506 534 3569 fas
558 3504 709 3569 habuisse
733 3505 816 3569 deos.
