2392 3870
82 213 85 219 ,
181 155 380 221 CARMINVM
397 154 575 210 MINORVM
592 153 785 223 ΑΡΡΕΝΒῙΧ,
808 173 830 211 c.
851 155 997 211 lx-XIV.
1043 157 1107 222 307

91 317 212 404 Tangit
236 318 333 382 odore
356 317 419 382 levi
442 322 475 381 et
499 320 593 402 grato
617 315 790 399 spiramine
813 337 907 381 nares

90 407 188 471 Lenis
211 410 243 470 et
267 410 416 470 externas
440 405 608 468 admittere
631 404 759 471 nescius
783 409 877 470 artes.
1076 423 1108 472 10

158 495 232 559 Huc
257 494 332 559 ades
356 516 375 558 o
398 493 534 558 Florens
558 497 590 557 et
612 493 697 557 festa
719 494 791 558 luce
814 494 922 557 relaxa
1163 562 1164 567 γ

91 583 211 649 Mentis
227 605 308 648 onus
321 583 521 665 nebulasque
540 581 627 668 fuga,
647 604 728 665 quae
742 583 860 647 frontis
874 583 1029 648 honorem
1031 633 1109 649 .....

562 809 635 864 XIII.

447 941 501 1000 nn
525 925 753 1001 mnnnmvs.

154 1059 232 1125 Non
254 1059 317 1124 tibi
339 1059 414 1123 vina
436 1058 580 1143 placent,
604 1080 622 1122 ο
646 1058 836 1123 insanabilis
859 1060 1000 1144 hospes?

88 1147 158 1215 Nec
180 1168 271 1211 mens
295 1150 345 1211 est
368 1146 522 1210 Thebana
544 1146 620 1232 tibi,
642 1146 719 1210 licet
742 1169 859 1233 aggere
883 1149 968 1212 celso

88 1237 243 1301 Dircaeae
266 1235 357 1319 rupis
381 1234 468 1298 dicas
490 1234 623 1298 fluxisse
645 1237 818 1318 parentes?

49 1328 54 1401 J
154 1323 284 1388 Vertice
308 1322 346 1387 de
368 1321 478 1406 Nysae
501 1344 559 1406 per
581 1345 657 1388 rura
680 1328 712 1388 et
734 1327 847 1388 nostra
869 1324 996 1408 Lyaeus

89 1412 232 1476 Transiit
254 1411 465 1495 implevitque
488 1410 557 1475 vias
579 1411 786 1498 nigrantibus
808 1412 890 1478 uvis.
1089 1430 1105 1478 5

88 1500 198 1565 Musta
222 1500 277 1564 siti
299 1499 409 1584 posuit
432 1504 538 1585 pater,
560 1504 593 1564 et
615 1522 682 1564 non
704 1504 849 1584 tempore
872 1501 913 1564 ab
936 1501 994 1566 illo

88 1589 260 1653 Desierant
282 1589 362 1652 haec
385 1610 475 1653 sacra
499 1588 561 1652 coli
584 1592 759 1672 vatumque
782 1611 900 1653 sonoro

90 1677 238 1742 Carmine
262 1676 401 1741 Mincius
425 1682 458 1741 et
481 1677 621 1761 strepuit
644 1677 828 1743 circumsita
851 1678 921 1761 ripa

87 1765 247 1831 Fluminis
271 1765 403 1831 Etrusci
427 1787 522 1848 quem
545 1786 612 1829 non
634 1765 786 1849 aequabit
810 1764 956 1831 Orontes.

559 2009 632 2065 XIV.

457 2142 512 2201 oa
537 2141 733 2201 orranan.
796 2217 800 2223 ¹

152 2260 250 2326 Forte
274 2264 342 2324 erat
364 2258 511 2324 Aurorae
534 2264 662 2344 tempus
686 2259 835 2344 Solisque
859 2261 1015 2347 quadriga

84 2349 217 2415 Fecerat
240 2353 273 2413 et
295 2354 427 2413 ventum
450 2353 483 2413 et
506 2349 648 2414 sonitum
671 2371 729 2433 per
751 2348 861 2413 nobile
884 2371 1025 2413 marmor

85 2437 257 2503 Adstantis
279 2437 385 2523 pueri,
409 2459 482 2502 cum
505 2441 551 2523 te,
574 2458 646 2501 mea
668 2436 755 2500 bella
779 2435 930 2521 cythare,

85 2525 241 2610 Adspicio
264 2526 445 2589 venientem
469 2529 502 2588 et
524 2529 562 2589 tu
584 2545 656 2588 mea
677 2524 790 2588 limina
813 2528 907 2609 grato

85 2614 228 2679 Introitu
251 2613 384 2699 dignata
406 2633 497 2677 rosas
521 2616 553 2677 et
576 2610 659 2675 lenis
682 2612 801 2676 amomi
1086 2628 1103 2678 5

85 2702 226 2767 Delicias
249 2700 349 2784 miras
371 2704 478 2765 tecum
501 2699 627 2785 adlioiS,
650 2698 734 2763 unde
758 2703 885 2764 secutae

85 2790 229 2855 Palladis
252 2793 285 2852 et
307 2788 439 2853 frondes
460 2788 647 2871 nulliusque
669 2788 771 2852 inscia
793 2788 913 2852 laurus.

84 2878 180 2943 Atria
202 2882 316 2943 nostra
337 2877 457 2962 virent,
480 2881 513 2941 et
536 2880 637 2963 agunt
659 2877 695 2940 in
716 2876 827 2940 limine
850 2875 955 2961 primo

85 2967 238 3032 Radicem
260 2965 398 3052 platani3
422 2965 462 3029 ad
484 2970 613 3050 portam
635 2965 723 3029 venit
746 2966 882 3030 arbutus
904 2964 1017 3048 ipsam.

84 3056 176 3122 Felix
199 3056 303 3121 multa
326 3055 436 3140 arbos,
458 3054 590 3119 imitans
613 3054 769 3118 miracula
794 3053 886 3118 Pindi
1069 3071 1102 3120 10

86 3145 173 3222 Quae
195 3168 263 3210 non
285 3143 405 3209 delebit
428 3143 512 3209 livor
533 3165 593 3208 nec
616 3164 686 3208 sera
704 3146 858 3208 vetustas.

153 3233 179 3298 Ο
203 3233 342 3299 iucunda
364 3232 475 3319 nimis,
498 3232 588 3297 tenui
611 3254 693 3316 quae
715 3231 785 3296 visa
807 3234 935 3317 poetae,

85 3323 172 3388 Dum
198 3323 300 3388 credis
323 3322 439 3387 vitium
461 3343 529 3386 non
551 3321 733 3387 auscultare
758 3319 914 3385 Camenis.

87 3449 299 3458 ———n-—-—---

158 3513 225 3568 XIII
244 3519 260 3569 6
279 3513 339 3588 sibi]
358 3515 485 3586 Birtius;
504 3513 569 3572 sibi.
900 3596 920 3629 ἡ

859 3600 900 3650 ‘bb
