2392 3870
126 163 170 226 98
452 162 601 218 CLAVDII
620 161 818 217 OLAVDIANI

126 326 246 390 Vimen
269 329 338 388 erat
362 323 437 387 dum
461 328 577 410 stagna
600 325 703 409 subit,
724 331 926 410 processerat
949 327 1059 393 undis:
1096 345 1148 396 110

128 414 262 480 Gemma
285 413 356 478 fuit.

397 499 511 565 Nudae
533 500 692 567 Venerem
715 503 842 567 cinxere
866 508 1011 568 catervae

127 591 386 674 Plaudentesque
410 589 508 654 simul
530 590 590 654 tali
614 612 687 654 cum
709 613 786 655 voce
810 596 1002 674 sequuntur:

128 680 210 744 ‘Hos
234 679 356 744 Mariae
380 678 500 763 cultus,
522 679 601 743 haec
623 701 756 744 munera
778 685 891 744 nostra
913 703 1084 765 precamur

127 769 271 855 Reginae
294 767 407 853 regina
429 767 522 831 feras.
568 767 629 831 Dic
651 768 732 832 talia
753 791 930 852 numquam

126 857 348 923 Promeruisse
371 855 501 920 Thetim
522 877 582 920 nec
605 879 677 920 cum
701 879 793 921 soror
815 856 1014 942 Amphitrite
1094 877 1145 926 115

127 947 251 1012 Nostro
274 950 376 1029 nupta
398 943 477 1008 Iovi.
523 944 685 1009 Devotum
708 946 828 1009 sentiat
851 968 983 1032 aequor,

127 1035 294 1122 Agnoscat
318 1033 475 1097 famulum
497 1033 590 1119 virgo
615 1032 808 1098 Stilichonia
830 1039 975 1118 pontum.

127 1123 288 1189 Victrices
310 1144 371 1186 nos
395 1143 489 1206 saepe
512 1125 598 1185 rates
622 1122 820 1206 classemque
842 1128 1010 1207 paternam

126 1212 298 1295 VenimuS,
322 1209 444 1274 attritis
468 1232 541 1274 cum
563 1210 708 1274 tenderet
730 1211 820 1275 ultor
841 1211 996 1276 Achivis?

193 1299 262 1364 lam
284 1299 443 1385 Ligurum
465 1299 561 1363 terris
585 1299 769 1383 spumantia
791 1305 922 1384 pectora
940 1300 1056 1365 Triton
1092 1318 1145 1367 180

126 1389 306 1474 Adpulerat
329 1389 497 1470 lassosque
520 1387 613 1451 fretis
636 1388 822 1452 extenderat
846 1389 949 1453 orbes.

128 1477 290 1543 Continuo
314 1475 452 1541 sublime
465 1476 589 1540 volans
613 1476 653 1539 ad
674 1476 802 1540 moenia
826 1476 929 1541 Gallis

128 1567 280 1650 Condita,
303 1565 442 1651 lanigeri
466 1565 534 1628 suis
558 1565 756 1629 ostentantia
779 1565 909 1649 pellem,

126 1654 286 1720 Pervenit.
331 1651 482 1718 Adventu
504 1652 641 1718 Veneris
664 1654 793 1737 pulsata
816 1654 968 1718 recedunt

126 1743 263 1826 Nubila,
287 1742 466 1807 clarescunt
489 1742 579 1826 puris
601 1741 822 1824 Aquilonibus
844 1741 953 1827 Alpes.
1092 1761 1144 1810 185

127 1831 286 1896 Laetitiae
311 1852 423 1895 causas
447 1831 577 1916 ignorat
601 1830 705 1894 dicere
728 1830 822 1894 miles

125 1920 343 2002 Laetaturque
366 1924 487 2004 tamen3
510 1917 671 1983 Mavortia
695 1919 788 2005 signa
810 1919 986 2004 rubescunt

124 2007 277 2072 Floribus
301 2013 333 2070 et
357 2007 475 2071 subitis
499 2007 684 2071 animantur
706 2007 876 2072 frondibus
899 2009 1019 2072 hastae.

126 2095 188 2160 Illa
212 2118 306 2159 suum
330 2096 425 2160 dictis
449 2096 577 2159 adfatur
599 2096 721 2160 talibus
745 2118 873 2182 agmen:

193 2183 394 2267 ‘Gradivum
417 2184 523 2248 nostri
546 2184 692 2268 comites,
716 2189 821 2248 arcete
842 2207 1028 2271 parumper,
1090 2205 1142 2253 100

125 2273 171 2337 Vt
196 2273 258 2337 soli
280 2277 371 2337 vacet
395 2273 469 2336 aula
491 2272 580 2336 mihi.
626 2273 744 2337 Procul
767 2273 881 2359 igneus
903 2273 1020 2338 horror

125 2360 320 2446 Thoracum,
344 2361 533 2448 gladiosque
555 2365 646 2448 tegat
668 2362 787 2448 vagina
809 2362 959 2427 minaces.

126 2450 219 2517 Stant
243 2450 426 2515 bellatrices
450 2450 577 2534 aquilae
601 2451 750 2534 saevique
774 2451 940 2534 dracones3

123 2539 187 2604 Fas
211 2541 254 2604 sit
278 2545 386 2604 castra
408 2540 489 2604 meis
512 2539 608 2604 hodie
632 2540 837 2604 succumbere
861 2539 973 2625 signis.

124 2627 220 2693 Tibia
242 2651 301 2713 pro
325 2629 416 2693 lituis
440 2633 472 2693 et
495 2650 553 2712 pro
577 2629 728 2715 clangore
750 2628 903 2692 tubarum
1088 2648 1140 2696 105

123 2715 223 2781 Molle
246 2718 335 2800 lyrae
358 2718 540 2800 festumque
564 2721 687 2781 canant.
732 2716 916 2800 Epulentur
939 2716 979 2780 ad
1001 2717 1089 2801 ipsas

123 2804 301 2890 Excubias3
324 2806 437 2869 mediis
461 2805 585 2890 spirent
608 2809 745 2869 crateres
768 2805 804 2869 in
827 2805 932 2868 armis,

122 2893 225 2957 Laxet
247 2893 411 2958 terribiles
434 2895 586 2958 maiestas
610 2894 699 2979 regia
722 2893 826 2957 fastus

124 2981 169 3045 Et
193 2982 313 3046 sociam
335 2982 463 3067 plebem
485 3005 551 3047 non
574 2982 742 3068 indignata
764 2986 909 3066 potestas

124 3068 307 3134 Confundat
329 3071 444 3135 turbae
466 3093 622 3155 proceres.
669 3070 843 3135 Solvuntur
865 3070 1001 3135 habenis
1085 3090 1137 3138 200

123 3157 247 3223 Gaudia
269 3181 328 3222 nec
350 3160 438 3246 leges
461 3161 580 3245 pudeat
603 3159 705 3223 ridere
729 3181 863 3224 severas.

189 3247 251 3311 ‘Tu
274 3248 387 3332 festae,
410 3248 608 3334 Hymenaee,
631 3249 731 3333 facea,
753 3252 804 3334 tu,
828 3247 953 3332 Gratia,
976 3249 1072 3312 flores

120 3336 230 3422 Elige,
253 3340 289 3399 tu
312 3337 471 3421 geminas,
496 3336 687 3421 Concordia,
709 3341 801 3400 necte
825 3358 968 3401 coronas.

120 3424 204 3510 Vos,
227 3429 366 3508 pennata
390 3426 519 3511 cohors,
543 3447 745 3509 quocumque
767 3425 930 3490 vocaverit
953 3447 1044 3511 usus,

120 3513 235 3577 Divisa
257 3518 426 3598 properate
449 3536 560 3600 manu,
581 3536 645 3579 neu
668 3517 808 3578 marceat
830 3514 898 3578 ulla
1082 3533 1134 3581 205
