2392 3870
245 153 367 224 (1111111.)
385 154 659 221 11111111110211111
676 153 786 208 araas
802 155 948 211 narnus.
1056 157 1100 223 59

81 317 254 381 Diversum
277 317 443 400 suspendit
467 338 561 402 onus,
585 339 658 381 cum
680 315 820 401 pondere
842 316 938 381 iudex

82 404 211 490 Vergit,
235 407 267 469 et
289 405 491 490 ingeminas
513 408 608 470 nutat
630 403 796 488 provincia
819 405 934 470 lances.

149 491 226 556 Non
248 492 347 576 pudet
369 493 442 577 heu,
465 493 582 578 superi,
604 493 743 577 populos
766 493 874 556 venire
898 493 959 557 sub
981 493 1098 559 hasta?

82 579 260 644 Vendentis
284 584 369 644 certe
391 581 518 664 pudeat.
564 581 634 658 Quo
657 581 726 645 iure
750 580 913 663 sepultum
1046 599 1096 648 211

81 667 279 752 Mancipium
301 672 352 733 tot
375 691 474 755 regna
497 673 599 754 tenet,
621 673 672 733 tot
695 668 847 733 distrahit
869 669 989 734 urbes‘?

80 755 262 821 Pollentem
286 757 368 820 solio
393 755 547 822 Croesum
569 757 705 822 victoria
728 755 805 840 Gyri

81 843 207 930 Fregit,
229 848 267 908 ut
290 844 436 910 eunucho
459 846 573 910 flueret
595 845 748 910 Pactolus
771 849 803 910 et
825 843 988 910 Hermus?

81 932 215 997 Attalus
237 932 386 996 heredem
407 933 512 998 voluit
534 938 581 1018 te,
603 934 720 1018 Roma,
743 933 895 1018 relinqui,
1039 944 1097 1000 '215

81 1021 216 1086 Restitit
239 1020 421 1085 Antiochus
443 1022 642 1105 praescripto
665 1021 810 1108 margine
833 1020 944 1107 Tauri,

81 1107 261 1173 indomitos
284 1132 379 1173 curru
403 1109 558 1174 Servilius
581 1111 648 1196 egit
670 1108 801 1174 Isauros

82 1197 128 1262 llt
149 1197 275 1261 Pharos
298 1196 448 1284 Augusto
471 1198 570 1262 iacuit
593 1199 645 1262 vel
669 1196 764 1261 Creta
786 1197 933 1282 Metello,

82 1283 133 1350 Ne
155 1307 223 1350 non
244 1285 405 1369 Eutropio
430 1291 583 1369 quaestus
605 1286 808 1350 numerosior
830 1288 937 1352 esset?

81 1372 121 1437 ln
143 1395 281 1437 mercem
303 1375 436 1438 veniunt
460 1374 589 1459 Cilices,
611 1373 742 1459 Iudaea,
765 1373 913 1458 Sophene
1044 1392 1097 1442 220

81 1462 309 1545 Romanusque
332 1462 426 1526 labor
447 1462 698 1546 Pompeianique
720 1462 885 1545 triumphi.

149 1549 218 1627 Quo
242 1551 341 1614 struis
364 1551 425 1614 hos
448 1552 518 1615 auri
541 1551 708 1614 cumulos?
733 1572 814 1634 quae
836 1551 973 1636 pignora
995 1553 1096 1616 tantis

81 1637 258 1703 Succedent
282 1638 420 1722 opibus?
465 1637 579 1704 Nubas
603 1638 739 1703 ducasve
761 1638 885 1703 licebit:

80 1726 267 1809 Numquam
285 1732 388 1791 mater
404 1727 476 1811 eris,
493 1748 670 1810 numquam
687 1730 793 1811 pater3
811 1726 873 1791 hoc
891 1728 953 1792 tibi
966 1728 1097 1814 ferrum,

81 1815 153 1879 Hoc
175 1820 292 1880 natura
313 1820 420 1901 negat.
466 1815 511 1879 'Pe
534 1815 711 1900 grandibus
732 1815 825 1879 India
848 1817 997 1902 gemmis,
1044 1834 1096 1882 aas

82 1902 126 1967 Te
149 1902 238 1967 foliis
260 1901 385 1967 Arabes
409 1904 525 1988 ditent,
548 1908 580 1968 te
603 1903 720 1968 vellere
744 1902 850 1968 Seres:

80 1989 200 2056 Nullus
223 1992 318 2075 inops
341 1991 433 2077 adeo,
455 1992 582 2056 nullum
605 1993 652 2057 sic
673 1996 768 2078 urget
791 1995 932 2078 egestas,

80 2078 127 2143 Vt
150 2079 228 2143 velit
250 2080 402 2163 Eutropii
426 2080 591 2144 fortunam
613 2085 646 2144 et
668 2080 812 2144 membra
834 2080 962 2164 pacisci.

148 2166 280 2250 lamque
305 2167 407 2232 oblita
431 2168 481 2231 sui
502 2191 562 2233 nec
585 2169 694 2233 sobria
717 2168 838 2233 divitiis
861 2189 952 2233 mens

81 2253 121 2318 ln
142 2256 277 2319 miseras
299 2257 387 2342 leges
410 2257 641 2340 hominumque
663 2258 794 2342 negotia
817 2256 908 2320 ludit.
1043 2273 1097 2321 230

81 2342 206 2407 Iudicat
228 2345 407 2430 eunuchus,
431 2344 508 2428 quid
529 2346 595 2410 iam
617 2344 655 2408 de
679 2345 809 2409 consule
832 2343 954 2407 miror‘?

81 2431 282 2517 Prodigium,
307 2432 529 2516 quodcumque
552 2433 644 2518 gerit.
690 2432 778 2508 Quae
800 2432 918 2516 pagina
940 2430 1015 2494 lites

82 2519 136 2585 Sic
158 2524 247 2584 actas
269 2521 437 2584 meminit?
461 2521 578 2604 quibus
601 2542 753 2602 umquam
777 2518 903 2582 saecula
925 2519 1020 2582 terris

81 2607 232 2672 Eunuchi
254 2608 360 2672 videre
383 2607 512 2672 forum?
557 2607 620 2672 Sed
641 2629 682 2671 ne
705 2628 769 2690 qua
791 2609 918 2670 vacaret

81 2695 162 2759 Pars
184 2696 362 2782 ignominia
384 2718 447 2759 neu
470 2694 547 2778 quid
569 2698 707 2758 restaret
728 2695 890 2779 inausum,
1043 2711 1095 2760 2³5

82 2782 182 2847 Anna
205 2784 303 2848 etiam
325 2783 445 2847 violare
468 2787 561 2866 parat
583 2786 797 2866 portentaque
819 2783 974 2848 monstris

82 2871 228 3024 Aetli
247 2871 882 3044 trttitttlttttfflllytll·

83 3047 229 3111 Dedecus
252 3048 372 3132 Eoum,
396 3048 545 3132 quotiens
567 3049 692 3112 intenta
715 3047 844 3133 sagittis

84 3135 128 3200 nt
151 3137 303 3218 pharetra
325 3136 454 3221 fulgens
477 3158 558 3200 anus
582 3139 747 3200 exercetur
769 3133 915 3200 Amazon
1044 3151 1097 3201 240

83 3222 217 3288 Arbiter
239 3227 296 3287 aut
319 3225 468 3307 quotiens
491 3224 570 3288 belli
591 3224 743 3307 pacisque
765 3223 900 3287 recurrit

83 3310 344 3395 Adloquiturque
368 3311 474 3377 Getas.
521 3310 646 3376 Gaudet
669 3333 742 3375 cum
764 3311 879 3375 viderit
902 3310 1007 3375 hostis

83 3399 128 3464 Et
152 3401 251 3465 sentit
273 3401 338 3464 iam
361 3400 469 3464 deesse
492 3401 587 3464 viros.
632 3398 783 3463 Incendia
806 3399 945 3483 firmant,

83 3487 186 3554 Muris
209 3489 300 3553 nulla
322 3488 414 3574 fides,
438 3488 586 3572 squalent
608 3488 818 3572 populatibus
840 3487 912 3573 agri
