2392 3870
90 119 134 182 40
416 119 563 174 CLAVDII
582 119 782 174 CLAVDIANI

93 280 226 364 Semper
248 281 352 365 inops,
375 281 526 364 ventique
550 281 646 344 fidem
667 281 822 363 poscebat
846 288 877 346 et
901 285 985 347 anni.
1071 304 1104 352 15

92 369 185 433 Hane
210 391 337 453 quoque
360 392 445 433 nunc
469 368 564 433 Gildo
587 369 696 451 rapuit
720 371 779 434 sub
804 371 867 434 fine
892 373 1034 436 cadentis

91 456 257 522 Autumni.
303 457 424 521 Pavido
447 457 599 521 metimur
622 458 749 522 caerula
772 463 859 544 voto,

90 544 213 629 Puppis
238 545 265 609 si
289 568 352 629 qua
375 545 472 630 venit,
496 545 523 608 si
548 545 624 628 quid
646 546 784 610 fortasse
807 550 933 631 potenti

91 633 154 698 Vel
176 635 280 717 pudor
303 634 439 698 extorsit
462 634 591 697 domino
615 634 667 698 vel
690 635 808 718 praeda
831 637 970 719 reliquit.

90 722 258 787 Pasoimur
280 722 415 787 arbitrio
439 722 545 786 Mauri
567 744 626 786 neo
649 722 757 786 debita
780 724 878 809 reddi,
1071 746 1104 793 10

91 809 154 876 Sed
177 833 235 875 sua
259 811 389 875 concedi
412 811 511 874 iactat
534 811 717 896 gaudetque
740 811 872 876 diurnos

91 895 137 964 Vt
160 899 300 963 famulae
323 899 475 982 praebere
498 899 588 963 cibos
611 898 775 981 vitamque
798 901 979 984 famemque

90 986 205 1050 Librat
228 987 397 1051 barbarico
420 988 509 1050 fastu
531 986 684 1072 vulgique
708 988 854 1070 superbit

78 1073 237 1138 ¹Fletibus
260 1080 292 1139 et
315 1079 424 1139 tantae
448 1075 614 1158 suspendit
637 1076 705 1138 1111
728 1076 847 1141 ruinae.

90 1163 265 1227 Romuleas
288 1162 398 1227 vendit
422 1168 547 1249 segetes
570 1168 602 1227 et
625 1163 768 1246 possidet
792 1187 868 1228 arva
1069 1187 1102 1234 ‘15

89 1250 288 1315 Vulneribus
312 1251 457 1335 quaesita
479 1251 568 1315 meis.
613 1249 731 1316 Idcone
754 1256 805 1316 tot
828 1275 930 1318 annos

88 1338 213 1404 Flebile
236 1362 309 1404 cum
331 1339 455 1404 tumida
478 1339 600 1404 bellum
624 1339 818 1426 Carthagine
842 1343 950 1428 gessi?

89 1426 213 1492 Idcirco
236 1427 340 1493 voluit
364 1432 548 1512 contempta
570 1428 641 1492 luce
664 1429 782 1492 reverti

89 1517 256 1604 Regulus?
292 1516 354 1581 hoc
377 1517 511 1602 damnis,
533 1515 670 1603 genitor,
694 1515 915 1583 Cannensibus
938 1520 1022 1584 emi?

89 1603 257 1669 Incassum
279 1605 400 1670 totiens
423 1605 514 1669 lituis
535 1604 705 1669 navalibus
729 1605 809 1669 arsit
978 1657 980 1664 ,
1067 1629 1101 1675 80

89 1692 272 1777 Hispanum
295 1692 502 1776 Siculumque
525 1693 645 1758 fretum
667 1697 856 1776 vastataque
879 1695 977 1759 tellus

90 1781 216 1863 Totque
239 1780 335 1845 duces
359 1782 442 1845 caesi
464 1785 624 1865 ruptaque
647 1781 783 1845 emissus
806 1782 847 1845 ab
870 1781 953 1866 Alpe

89 1869 217 1933 Poenus
240 1871 272 1932 ct
295 1869 452 1933 attonitae
474 1869 539 1933 iam
561 1869 728 1952 proximus
751 1869 917 1935 Hannibal
939 1873 1034 1937 urbi?

90 1956 219 2023 Scilicet
242 1960 279 2020 ut
303 1956 433 2021 domitis
456 1958 617 2023 frueretur
639 1958 796 2023 barbarus
819 1957 919 2045 Afris,

89 2045 184 2110 Mure
208 2044 347 2109 sustinui
370 2045 507 2110 Martem
529 2050 704 2129 noctesque
729 2051 877 2111 cruentas
1067 2068 1101 2116 85

91 2133 218 2199 Collina
240 2155 300 2217 pro
323 2137 412 2197 turre
435 2133 519 2197 tuli?
557 2133 704 2199 Gildonis
728 2135 768 2198 ad
790 2157 885 2199 usum

92 2222 254 2308 Carthago
278 2225 328 2285 ter
350 2221 436 2286 victa
458 2222 546 2286 ruit?
582 2221 655 2287 Hoc
676 2222 765 2287 mille
788 2224 946 2309 gementis

88 2310 202 2375 Italiae
226 2309 331 2374 clades
354 2310 562 2394 impensaque
585 2311 712 2374 saecula
734 2311 839 2396 bellis,

88 2398 161 2464 Hoc
184 2398 304 2463 Fabius
327 2398 486 2482 fortisque
509 2399 590 2463 mihi
612 2399 785 2464 Marcellus
809 2400 957 2486 agebant,

88 2487 134 2552 Vt
159 2487 254 2553 Gildo
278 2489 456 2553 cumularet
480 2488 579 2572 opes?
614 2487 753 2552 Haurire
776 2510 897 2552 venena
1067 2510 1102 2557 90

90 2576 311 2660 Compulimus
335 2577 440 2641 dirum
464 2575 644 2660 Syphacem
666 2577 867 2660 fractumque
890 2577 1021 2643 Metello

88 2665 258 2730 Traximus
281 2665 442 2729 inmanem
465 2663 560 2730 Marii
584 2665 644 2729 sub
667 2665 773 2729 vincla
795 2663 996 2752 Iugurtham,

88 2754 133 2819 Et
156 2751 316 2818 Numidae
341 2752 488 2818 Gildonis
512 2753 628 2818 erunt?
664 2752 728 2818 Pro
751 2754 864 2817 funera
886 2758 987 2840 tanta,

87 2843 152 2907 Pro
176 2841 282 2906 labor!
319 2840 354 2904 in
375 2841 496 2906 Bocchi
519 2864 655 2929 regnum
678 2840 805 2906 sudavit
828 2846 963 2926 uterque

88 2929 205 3014 Scipio
250 2929 398 2995 Romano
421 2929 545 2996 vicistis
568 2929 724 3015 sanguine
747 2928 861 2995 Mauri.
1066 2950 1099 2997 aa

86 3019 147 3085 Ille
171 3017 226 3081 diu
248 3016 341 3081 miles
364 3018 514 3104 populus,
538 3018 594 3102 qui
616 3017 756 3102 praefuit
779 3018 859 3104 orbi,

88 3107 150 3187 Qui
172 3106 302 3170 trabeas
325 3109 357 3169 et
381 3112 507 3190 sceptra
530 3107 636 3192 dabat,
660 3128 755 3190 quem
778 3129 903 3190 semper
925 3107 960 3172 in
982 3109 1081 3173 armis

86 3194 287 3262 Horribilem
310 3199 432 3280 gentes,
454 3195 617 3280 placidum
641 3217 767 3260 sensere
791 3196 951 3281 subactae,

86 3285 183 3352 Nunc
204 3282 382 3347 inhonorus
406 3305 503 3370 egens
526 3285 646 3367 perfert
669 3283 852 3349 miserabile
874 3285 963 3368 pacis

87 3370 288 3458 Supplicium
310 3371 465 3454 nulloque
486 3372 595 3455 palam
618 3372 833 3437 circumdatus
856 3373 949 3436 hoste
1049 3392 1100 3439 100

88 3460 220 3527 Obsessi
243 3459 414 3525 discrimen
435 3460 542 3526 habet.
587 3460 650 3526 Per
672 3459 801 3546 singula
824 3461 925 3525 letum
