2392 3870
122 156 162 219 12
444 153 591 208 CLAVDII
610 152 809 209 CLAVDIANI

119 318 195 383 Nox
218 317 331 402 genuit
354 316 435 379 fetu:
458 315 570 379 nutrix
593 315 764 380 Discordia
786 317 874 401 belli,
1101 336 1133 384 30

119 405 297 490 Imperiosa
320 404 449 488 FameS,
472 403 537 467 leto
560 404 668 468 vicina
692 404 845 469 Senectus

119 494 360 579 Impatiensque
384 493 435 555 sui
458 492 593 556 Morbus
615 492 777 576 Livorque
801 493 949 557 secundis

120 583 247 647 Anxius
271 586 303 646 et
327 581 428 645 scisso
451 603 596 644 maerens
619 582 777 646 velamine
799 583 921 646 Luctus

120 672 165 736 Et
188 671 300 735 Timor
323 674 355 734 et
378 691 471 733 caeco
494 691 646 753 praeceps
669 669 815 734 Audacia
837 671 931 735 vultu

120 760 166 824 ut
183 760 294 823 Luxus
313 758 487 842 populator
506 779 612 843 opum,
631 780 727 840 quem
745 781 871 843 semper
889 758 1067 824 adhaerens
1104 779 1137 826 35

120 847 238 912 Infelix
261 846 378 911 humili
401 868 515 932 gressu
538 846 713 910 comitatur
733 847 883 934 Egestas,

121 936 292 1018 Foedaque
314 934 481 999 Avaritiae
506 934 689 1018 complexae
711 940 843 1019 pectora
866 936 981 1000 matris

120 1023 288 1089 insomnes
311 1023 410 1108 longo
433 1022 567 1087 veniunt
591 1025 736 1089 examine
761 1023 872 1089 Curae.

123 1112 333 1196 complentur
355 1111 445 1175 vario
468 1111 588 1174 ferrata
611 1111 726 1176 sedilia
749 1118 843 1177 coetu

122 1201 290 1283 Torvaque
314 1199 459 1263 collectis
483 1199 625 1282 stipatur
647 1199 737 1264 curia
759 1201 922 1266 monstris
1105 1220 1139 1269 40

121 1289 249 1354 Allecto
273 1288 366 1352 stetit
389 1288 424 1351 in
446 1286 561 1350 mediis
584 1288 766 1374 vulgusque
788 1292 894 1353 tacere

122 1377 223 1443 Iussit
246 1381 278 1441 et
302 1377 469 1440 obstantes
493 1375 528 1439 in
550 1379 678 1463 tergum
701 1377 844 1460 reppulit
867 1400 988 1464 angues

122 1468 246 1550 Perque
269 1487 397 1529 umeros
421 1485 526 1528 errare
550 1464 645 1528 dedit.
691 1464 774 1529 Tum
803 1466 896 1530 corde
920 1466 981 1530 sub
1005 1466 1073 1531 imo

122 1555 285 1620 Inclusam
307 1553 430 1617 rabidis
453 1552 606 1636 patefecit
628 1553 764 1617 vocibus
787 1553 883 1619 iram:

190 1643 314 1708 ‘Sicine
337 1641 515 1724 tranquillo
537 1640 672 1725 produci
696 1642 823 1706 saecula
846 1664 951 1728 cursu,
1105 1660 1139 1709 45

124 1731 178 1795 Sic
200 1733 383 1795 fortunatas
406 1729 567 1813 patiemur
589 1729 696 1795 vivere
719 1731 854 1816 gentes?

124 1819 211 1895 Quae
234 1840 318 1882 nova
342 1818 486 1901 corrupit
508 1822 639 1882 nostros
663 1819 834 1883 clementia
856 1820 987 1884 mores?

124 1908 194 1984 Quo
217 1906 324 1970 rabies
348 1906 460 1969 innata
482 1906 589 1990 perit?
622 1907 701 1990 quid
723 1907 833 1972 inania
854 1912 993 1992 prosunt

122 1995 288 2061 Verbera?
312 1994 390 2076 quid
412 1994 538 2059 facibus
559 1995 757 2079 nequiquam
780 1996 940 2083 cingimur
963 1996 1068 2061 atris?

122 2085 196 2149 Heu
218 2083 317 2148 nimis
341 2083 489 2169 ignavae,
513 2105 593 2166 quas
616 2083 763 2168 luppiter
786 2089 873 2149 arcet
896 2083 1046 2171 Olympo,
1106 2102 1140 2151 50

123 2172 324 2237 Theodosius
347 2172 451 2236 terris
497 2171 550 2236 En
573 2194 669 2236 aurea
690 2173 836 2237 nascitur
859 2177 957 2259 aetas,

122 2261 176 2327 En
198 2261 305 2346 proles
330 2261 464 2343 antiqua
486 2261 578 2326 redit.
626 2260 819 2346 Concordia,
841 2261 957 2326 Virtus

125 2349 269 2434 Cumque
291 2349 370 2413 Fide
392 2349 502 2414 Pietas
526 2350 592 2414 alta
616 2349 737 2414 cervice
760 2353 920 2436 vagantur

122 2438 351 2526 Insignemque
374 2442 494 2502 canunt
515 2442 629 2502 nostra
652 2438 690 2502 de
711 2438 806 2522 plebe
828 2437 1038 2522 triumphum.

122 2527 187 2592 Pro
212 2529 316 2592 dolor!
340 2528 411 2611 ipsa
434 2526 516 2590 mihi
538 2526 680 2610 liquidas
705 2526 834 2611 delapsa
856 2549 914 2611 per
937 2549 1032 2591 auras
1107 2544 1141 2592 55

124 2614 255 2680 Iustitia
278 2616 416 2680 insultat
438 2615 593 2698 vitiisque
616 2637 635 2678 a
658 2614 760 2699 stirpe
782 2615 895 2679 recisis

124 2703 226 2768 Elicit
249 2725 419 2787 oppressas
442 2703 614 2767 tenebroso
638 2725 762 2767 carcere
784 2703 881 2790 leges.

123 2792 170 2856 At
192 2813 252 2855 nos
275 2791 440 2854 indecores
463 2791 562 2878 longo
585 2791 787 2875 torpebimus
810 2813 888 2856 aevo

126 2880 284 2945 Omnibus
308 2880 427 2943 eiectae
450 2881 572 2965 regnis!
617 2878 797 2965 Agnoscite
819 2880 949 2944 tandem

126 2968 211 3045 Quid
232 2967 347 3031 Furias
372 2968 494 3053 deceat,
517 2973 687 3032 consuetas
712 2968 937 3034 sumitevires
1108 2984 1143 3035 60

126 3058 358 3138 Conventuque
380 3056 471 3120 nefas
494 3060 587 3120 tanto
613 3055 772 3121 decernite
797 3056 939 3142 dignum.

124 3145 193 3210 Iam
217 3144 311 3228 cupio
336 3143 461 3230 Stygiis
484 3145 634 3209 invadere
655 3145 798 3209 nubibus
821 3148 918 3229 astra,

124 3233 193 3298 Iam
216 3233 297 3296 flatu
319 3232 441 3296 violare
465 3233 558 3318 diem,
581 3234 689 3297 laxare
711 3233 872 3317 profimdo

124 3322 229 3386 Frena
251 3321 348 3405 mari,
371 3320 488 3385 fluvios
511 3322 617 3405 ruptis
640 3321 804 3386 inmittere
827 3321 908 3405 ripis

125 3411 171 3475 Et
194 3432 301 3474 rerum
324 3432 440 3473 vexare
463 3409 583 3474 fidem'.
1104 3428 1144 3478 '65

635 3497 689 3563 Sic
711 3499 780 3563 fata
803 3501 971 3563 cruentum
