2392 3870
93 154 187 224 (xxv.)
207 153 256 207 nn
271 150 490 210 cousvmrv
505 150 728 207 sinicnorus
743 152 853 207 crana
867 153 1013 212 rnrnvs.
1042 155 1107 220 143

92 316 252 381 Pallantis
275 314 422 402 iugulum
445 313 554 379 'errno
577 315 734 379 moriente
756 315 858 399 piavit

91 404 228 490 Aeneas,
251 408 437 488 tractusque
460 404 541 468 rotis
563 403 735 468 ultricibus
758 403 881 468 Hector

92 493 181 558 irato
205 493 346 559 vindicta
368 493 431 556 fuit
453 493 506 557 vel
529 495 682 576 quaestus
704 491 839 557 Achilli:

92 582 142 646 Tu
163 604 268 666 neque
290 603 408 647 vesano
431 585 542 665 raptas
564 581 690 645 venalia
713 603 808 645 curru
1055 599 1107 650 100

92 670 219 735 Funera
240 692 299 735 nec
320 692 437 735 vanam
460 692 577 754 corpus
599 670 764 734 meditaris
786 670 822 735 in
843 693 944 735 unum

93 758 280 845 Saevitiam3
302 763 426 824 turmas
450 759 594 843 equitum
617 759 824 843 peditumque
848 763 992 825 catervas

91 848 300 932 Hostilesque
323 848 440 934 globos
463 847 589 912 tumulo
612 848 791 931 prosternis
815 848 923 934 amici,

91 935 219 1001 Inferiis
242 959 322 1024 gens
344 940 416 1003 tota
439 936 541 1000 datur.
577 935 647 1001 Nec
669 935 828 1001 Mulciber
850 941 963 1002 auctor

90 1025 253 1090 Mendacis
277 1026 371 1110 clipei
393 1025 614 1108 fabricataque
637 1025 767 1089 vatibus
791 1048 879 1090 arma
1054 1044 1105 1094 105

93 1114 236 1179 Conatus
258 1115 367 1179 iuvere
389 1118 477 1179 tuos:
500 1117 552 1178 tot
574 1113 712 1178 barbara
736 1114 824 1178 solus

90 1202 182 1267 Milia
203 1203 269 1267 iam
292 1203 415 1287 pridem
437 1203 587 1266 miseram
609 1203 772 1266 vastantia
794 1202 941 1267 Thracen

90 1291 226 1355 Finibus
250 1292 383 1378 exiguae
406 1291 501 1356 vallis
524 1290 675 1355 conclusa
697 1291 839 1355 tenebas.

90 1379 159 1445 Nec
182 1384 214 1444 te
237 1381 416 1444 terrisonus
439 1379 558 1444 stridor
581 1380 739 1445 venientis
761 1378 860 1444 Alani

89 1468 159 1534 Nec
181 1491 264 1554 vaga
288 1467 475 1533 Chunorum
497 1468 618 1553 feritas
640 1490 707 1533 non
729 1468 812 1533 falce
836 1466 988 1555 Gelonus,
1053 1488 1104 1538 110

89 1556 167 1622 Non
190 1579 265 1621 arcu
287 1558 438 1642 pepulere
461 1555 570 1643 (letae,
591 1579 659 1622 non
682 1556 829 1622 Sarmata
852 1565 956 1622 conto

89 1645 299 1729 Extinctique
322 1647 430 1712 forent
452 1647 591 1732 penituS,
613 1647 648 1711 ni
670 1667 760 1711 more
782 1646 926 1733 maligno

87 1734 229 1800 Fallerct
250 1734 418 1822 Augustas
442 1736 588 1821 occultus
610 1735 757 1819 proditor
780 1757 872 1800 aures

91 1821 344 1907 Obstrueretque
367 1845 475 1888 moras
499 1823 711 1908 strictumque
734 1825 919 1889 retunderet
942 1846 1059 1915 ensem,

91 1909 237 1976 Solveret
260 1912 420 1997 obsessos,
442 1912 610 1996 praeberet
632 1912 761 1977 foedera
784 1914 895 1998 captia.
1051 1933 1102 1984 110
1146 1921 1149 1926 ’

156 1999 320 2064 Adsiduus
344 2001 458 2064 castris
481 2001 600 2087 aderat,
622 2002 805 2066 rarissimus
828 2003 911 2089 urbi,

90 2087 124 2153 Si
148 2089 276 2171 quando
300 2089 424 2173 trepida
446 2089 595 2174 princeps
617 2091 737 2174 pietate
760 2097 904 2178 vocaret3

88 2176 217 2260 Vixque
240 2177 390 2243 salutatis
412 2178 560 2264 Laribus,
582 2179 637 2244 vix
660 2180 796 2266 coniuge
819 2181 897 2267 visa,

88 2266 225 2330 Deterso
248 2267 383 2332 necdum
406 2269 573 2352 repetebat
596 2269 752 2355 sanguine
776 2291 923 2353 campum

87 2353 156 2419 Nec
180 2356 271 2420 stetit
293 2356 446 2421 Eucherii
470 2358 546 2423 dum
569 2361 713 2440 carperet
737 2357 847 2421 oscula
870 2358 986 2424 saltem
1049 2377 1101 2427 120

86 2443 149 2507 Per
171 2444 305 2530 galeam.
341 2446 449 2510 Patris
472 2446 622 2510 stimulos
644 2446 794 2532 ignisque
816 2445 925 2509 mariti

86 2530 175 2596 Vicit
198 2555 274 2597 cura
297 2534 395 2599 ducis.
433 2532 590 2610 Quotiens
613 2534 673 2598 sub
696 2533 837 2616 pellibus
860 2533 927 2618 egit

86 2620 218 2685 Edonas
241 2621 363 2687 hiemes
386 2626 418 2686 et
441 2622 526 2687 tardi
550 2621 652 2685 flabra
674 2620 797 2685 Bootae

87 2707 155 2773 Sub
179 2709 253 2773 divo
276 2709 421 2793 Riphaea
443 2710 533 2773 tulit!
557 2730 693 2791 cumque
715 2709 790 2794 igne
812 2709 994 2794 propinquo

86 2797 223 2884 Frigora
245 2797 300 2862 vix
322 2797 443 2862 ferrent
466 2797 531 2882 alii,
553 2801 631 2862 tunc
653 2797 716 2862 iste
741 2797 899 2884 rigentem
1048 2818 1098 2867 125

85 2884 271 2951 Danuvium
294 2886 439 2951 calcabat
462 2907 560 2970 eques
581 2886 774 2970 nivibusque
796 2886 992 2970 profimdum

87 2973 267 3040 Scandebat
290 2976 442 3041 cristatus
464 2973 579 3040 Athon
600 2975 729 3058 lateque
752 2997 885 3040 corusco

87 3062 244 3128 Curvatas
267 3065 369 3151 glacie
393 3064 492 3129 silvas
514 3065 655 3129 umbone
677 3064 800 3129 ruebat.

84 3151 182 3217 Nunc
203 3176 304 3237 prope
328 3153 490 3218 Cimmerii
513 3154 666 3219 tendebat
687 3153 785 3218 litora
806 3153 914 3239 Ponti,

84 3239 181 3306 Nunc
204 3242 301 3306 dabat
323 3243 495 3308 hibernum
516 3243 673 3327 Rhodope
695 3242 845 3307 nimbosa
868 3242 981 3308 cubile.
1046 3261 1098 3312 130

84 3329 154 3394 Vos
176 3329 292 3395 Haemi
315 3331 439 3418 gelidae
461 3331 572 3417 valles,
595 3353 675 3415 quas
699 3353 793 3415 saepe
817 3331 958 3404 cruentis

86 3416 258 3505 Stragibus
281 3420 430 3504 aequavit
454 3419 600 3506 Stilicho,
622 3442 681 3484 vos
704 3419 842 3486 Thracia
863 3423 969 3484 testor

85 3505 242 3594 Flumina,
267 3530 348 3591 quae
369 3509 463 3599 largo
486 3509 644 3579 mutastis
667 3509 1006 3601 11119111101111111111·Ἰ
