2438 3878
93 157 186 212 XXIV
364 151 649 209 ADNOTATIONES
669 151 843 209 eamcam

169 315 194 369 si
213 314 391 369 enuntiatum
409 329 508 382 regens
526 312 682 367 efficeretur
699 312 793 368 verbis
812 314 907 368 orista
926 356 932 368 .
949 355 955 368 .
973 355 980 368 .
998 316 1122 383 corona,

168 386 380 455 inexpectatum
399 383 599 453 ingratumque
622 383 797 439 existumavi.
834 384 911 452 quod
933 383 984 452 qui
1003 387 1119 454 reputa·

168 457 250 522 verit,
268 456 388 510 fortasse
407 454 577 536 scripturam
596 470 681 522 quam
700 453 793 508 obtuli
813 453 955 524 probabit.

98 535 149 583 901
169 528 212 600 aa]
232 527 329 591 VPH3
348 529 405 582 uisi
422 525 533 594 reliqui.

98 605 149 654 941
168 600 297 669 Iuliano]
321 598 363 652 Bi.
387 595 535 666 proposuit
558 612 591 649 ac
614 594 743 650 defendit
764 595 794 648 in
817 596 906 665 praef.
924 613 952 666 p.
967 594 1031 650 CIV
1050 614 1078 653 n.
1093 602 1116 652 9.

169 672 207 725 Ia
220 671 313 739 primo
331 669 414 732 euim,
435 667 510 735 quod
528 667 637 720 habent
655 683 751 721 omnes
765 666 841 732 libri,
860 666 923 736 quis
938 682 1042 722 sanum
1057 683 1119 723 ease

170 741 224 795 sibi
238 739 425 810 persuadeat?
443 738 489 793 vel
503 737 566 806 quis
580 736 703 792 Gesnero
717 753 768 808 pro
784 737 916 807 ‘primum
929 737 959 791 in
972 737 1115 807 genitore‘

172 810 324 879 accipienti
343 808 537 865 adsentiatur?

100 887 152 935 947
167 882 291 952 petisset]
324 880 398 949 hunc
431 878 686 947 manuscriptorum
718 894 885 933 consensum
912 882 945 934 ut
972 879 1120 937 desereret

169 951 290 1005 Birtium
308 952 387 1006 locus
406 950 509 1004 Alcimi
527 949 606 1003 Aviti
625 968 647 1005 c.
663 950 702 1003 VI
715 955 767 1004 259
791 966 903 1005 movere
925 966 983 1005 non
1004 950 1117 1018 sebnia

169 1022 211 1076 ibi
235 1022 310 1076 enim
332 1021 419 1074 verba
442 1021 536 1089 ‘signa
563 1021 674 1089 petunt’
704 1020 811 1075 babent
839 1020 895 1075 sibi
923 1020 1117 1077 accusativum

170 1093 376 1161 dependentem
401 1090 614 1154 ‘adversarios’,
640 1090 687 1144 hic
711 1094 805 1145 autem
829 1090 853 1146 si
876 1092 955 1161 legas
980 1093 1013 1148 ss·
1036 1095 1117 1165 siqua

166 1166 334 1234 petissent
351 1164 441 1230 obvia,
458 1161 594 1215 traditam
612 1161 763 1215 lectionem
777 1163 824 1216 vix
838 1161 1048 1229 emendares-iu
1062 1162 1119 1217 nisi

170 1234 247 1303 quod
266 1249 333 1287 sane
352 1231 502 1286 transitiva
520 1231 581 1285 sine
600 1231 710 1285 obiecto
731 1233 801 1286 satis
824 1233 855 1286 in
878 1232 989 1286 deliciis
1011 1233 1117 1288 habuit

170 1307 256 1375 poeta
275 1303 328 1374 (Bi.
348 1303 435 1373 praef.
454 1320 482 1373 p.
498 1300 638 1370 CCXXV).

98 1381 150 1431 999
166 1383 248 1447 patre
266 1376 378 1447 reoioto]
398 1372 466 1443 quid
484 1373 590 1427 babeat
609 1372 771 1428 offensionis
785 1373 832 1428 bio
846 1375 924 1429 locus
939 1390 1054 1443 quaque
1070 1374 1120 1430 via

169 1446 310 1501 medelam
330 1445 478 1500 adsecutus
498 1444 564 1513 sim,
584 1443 660 1513 apud
681 1443 720 1499 Bi.
739 1444 798 1497 iarn
816 1444 975 1515 expositum
994 1447 1049 1502 est.
1083 1446 1118 1500 de

170 1516 315 1587 participii
340 1517 486 1571 ‘remotus'
514 1515 544 1568 in
567 1514 622 1569 fine
644 1531 741 1568 versus
763 1515 852 1584 positi
875 1533 928 1571 usu
950 1519 1119 1584 praeamata

170 1588 205 1644 cf.
223 1591 337 1657 praeter
354 1586 448 1641 locum
466 1585 526 1639 illic
545 1585 706 1640 adhibitum
724 1586 810 1640 etiam
829 1586 917 1641 Manl.
931 1586 1039 1644 Theod.
1056 1592 1118 1655 24⁷,

170 1659 256 1727 Nupt.
275 1663 310 1712 49
329 1659 359 1711 et
377 1662 442 1721 395,
470 1656 555 1726 Rapt.
573 1657 586 1709 I
605 1662 670 1722 919,
698 1657 768 1711 Bell.
783 1656 866 1711 Goth.
881 1662 950 1724 421,
979 1657 1118 1716 Vlcons.

169 1728 241 1783 Hon.
261 1733 326 1794 4473
354 1743 405 1782 nac
424 1728 544 1783 fortasse
572 1728 632 1781 sine
658 1727 752 1783 fructu
780 1728 964 1782 conferendus
989 1730 1034 1783 est
1057 1729 1118 1799 epi-

170 1798 284 1868 taphius
304 1797 463 1853 Constantii
482 1797 576 1852 Chlori
598 1798 652 1852 hoc
673 1798 736 1867 ipso
760 1814 832 1852 anno
853 1817 870 1854 a
889 1800 1064 1854 Mommseno
1088 1800 1120 1855 in

170 1869 290 1923 Hermae
300 1871 377 1923 tomo
387 1867 505 1921 XXVIII
513 1868 614 1937 editus,
630 1868 678 1923 ubi
687 1887 783 1923 versus
793 1875 841 1925 1⁷:
855 1872 946 1926 tristes
958 1875 1036 1926 aaut
1046 1873 1120 1928 aaa

169 1956 286 2011 mayoc
305 1941 442 1995 ductore
460 1946 589 1994 remoto.
1107 1992 1110 1997 .

97 2016 151 2066 330
169 2013 287 2067 devictos
304 2012 394 2066 tecua
410 2011 514 2077 fiducia
527 2009 656 2081 Mauros]
677 2009 717 2064 sic
735 2009 863 2079 plerique
878 2012 907 2065 et
921 2010 1022 2080 optimi
1040 2011 1120 2081 libri,

170 2084 268 2136 contra
286 2098 356 2150 quos
375 2082 486 2136 deuotis
508 2082 610 2136 tamarit
632 2083 767 2137 dementia
785 2080 898 2137 Mauris
923 2082 1030 2136 Birtius
1057 2085 1121 2138 sina

169 2153 338 2207 necessitate
352 2150 518 2220 praetulisse
528 2150 652 2218 videtum
668 2153 702 2208 of.
716 2153 803 2206 etiam
817 2151 877 2206 eius
893 2153 1118 2212 adnotationem.

98 2229 150 2279 347
170 2224 289 2294 Servati]
317 2222 371 2276 hac
398 2238 466 2276 voce
494 2220 615 2276 offensus
641 2223 683 2280 Bi
708 2225 819 2279 Desisti
846 2222 1032 2293 excogitavit,
1064 2241 1120 2295 ego

169 2293 357 2348 rectissimam
383 2291 533 2346 lectionem
560 2292 697 2347 traditam
723 2297 807 2362 put03
840 2296 873 2348 ut
901 2295 974 2350 enirn
1004 2294 1121 2350 Firmus

168 2364 336 2429 Theodosio,
354 2364 397 2418 ita
414 2363 497 2418 Gildo
512 2363 634 2418 Honorio
654 2364 691 2418 ad
709 2364 879 2420 vincendum
898 2368 1026 2421 servatus
1046 2365 1077 2434 (i.
1094 2383 1120 2424 a.

169 2437 340 2506 reservatus)
359 2437 416 2502 ast,
437 2451 491 2502 qno
511 2434 611 2489 melior
629 2435 739 2505 fulgeat
757 2435 848 2506 gloria
867 2436 965 2491 domus
985 2436 1118 2492 Theodo-

170 2507 283 2562 siorum.
319 2508 444 2560 ceterum
469 2506 568 2559 eodem
593 2522 676 2560 sensu
703 2521 802 2561 vocem
825 2507 959 2562 ‘servare'
984 2507 1124 2563 adhibuit

168 2580 254 2703 poelga
276 2577 307 2631 in
326 2576 402 2631 Eutr.
417 2577 444 2629 II
457 2582 491 2629 36
502 2593 556 2644 sq.:
587 2577 690 2647 Quum,
714 2578 844 2646 cumina,
859 2596 978 2648 poenam
999 2581 1122 2636 servatis

169 2666 210 2704 ace
235 2650 280 2703 ri?

97 2725 150 2774 395
172 2719 290 2790 Occidit]
309 2721 340 2771 H
343 2718 404 2785 BA,
427 2717 580 2773 Obtrwocot
597 2734 661 2772 cum
677 2718 746 2773 vus
761 2718 875 2786 Birtins,
895 2720 944 2773 sed
959 2720 1028 2788 ipse,
1048 2720 1123 2789 quia

168 2807 219 2858 per
246 2791 339 2845 totum
367 2787 545 2843 enuntiatum
573 2791 684 2858 tempus
710 2789 895 2860 praeteritum
924 2789 1051 2860 obtinet,
1082 2791 1121 2847 de

167 2861 290 2915 lectione
309 2858 435 2928 optimae
453 2857 589 2913 librorum
611 2859 708 2915 classis
732 2860 883 2916 dubitabat
902 2864 941 2930 (p.
959 2859 1119 2929 CCXXIII).

95 2937 149 2986 402
168 2931 239 3003 Hic]
255 2931 333 2986 Hice
346 2930 429 2997 V¹P;
445 2930 495 2984 sed
509 2929 581 2985 illud
591 2947 654 2985 cum
664 2930 685 2988 l>
695 2932 815 2986 maxime
825 2931 946 2999 restitui,
962 2931 1121 2987 Gesnerum

169 3003 281 3057 secutus
309 3000 388 3056 cuius
415 3001 503 3057 verba
530 3002 657 3072 adpono:
688 3003 759 3057 ‘Sed
787 3001 977 3058 excusationis
1005 3001 1122 3071 aliquid

170 3071 273 3127 habuit
287 3075 397 3137 Atreus,
417 3071 465 3140 qui
483 3089 514 3127 se
527 3071 667 3142 Thyestae
686 3073 865 3136 adulterium,
885 3074 916 3127 in
930 3072 1051 3142 coniuge
1067 3091 1123 3129 sua

168 3145 278 3213 Aeropa
302 3142 471 3211 admissum,
499 3143 590 3198 ultum
615 3143 700 3199 ierit'
743 3145 800 3200 Hic
828 3146 923 3198 autem
944 3143 963 3199 i.
983 3160 1005 3200 e.
1027 3144 1121 3214 ‘apud

167 3214 303 3268 Firmum’
322 3215 423 3282 odiam,
441 3231 499 3270 ooo
513 3231 605 3284 poeria
622 3217 686 3283 fuit.

96 3292 149 3341 414
167 3287 246 3357 duro]
275 3287 373 3340 contra
394 3284 447 3339 VP
471 3287 519 3354 qui
542 3286 679 3366 praebent
700 3303 775 3354 com,
804 3285 912 3355 recepi;
939 3284 1012 3338 illud
1041 3285 1120 3340 enim

170 3372 288 3425 semper,
307 3356 362 3411 hoc
379 3355 470 3410 rarius
489 3355 675 3410 indicativum
692 3357 828 3426 postulat.

96 3434 147 3482 441
168 3429 257 3498 ociori]
276 3427 408 3484 ooiamV
427 3425 516 3495 solus,
543 3443 627 3495 quam
649 3427 801 3482 lectionem
825 3426 880 3482 etsi
903 3426 1046 3496 sagaciter
1070 3427 1119 3482 de·

169 3497 284 3553 fendere
302 3497 447 3568 proximus
466 3495 559 3551 editor
573 3500 690 3552 conatus
705 3501 756 3566 est,
775 3501 873 3554 tumen
886 3498 1015 3566 accipere
1028 3497 1120 3553 nolui.
