2392 3870
103 168 164 234 106
428 166 574 222 CLAVDII
592 167 790 223 CLAVDIANI
903 194 907 200 ·

99 331 265 395 Turiferos
288 329 414 394 Arabes
439 329 556 414 saltus,
579 329 660 393 vada
684 328 800 413 Caspia
823 329 922 414 Medi,

97 418 243 484 Armenii
265 418 401 503 Phasin,
423 417 538 481 Parthi
561 418 683 500 liquere
706 417 880 501 Niphaten.

165 507 252 583 Quae
279 507 341 571 tibi
364 510 434 570 tum
458 505 573 569 Martis
596 506 703 570 rabies
732 511 935 589 quantusque
960 512 1117 592 sequendi

96 594 204 659 Ardor
227 596 318 659 erat?
341 599 463 679 quanto
486 595 669 680 flagrabant
692 600 823 679 pectora
845 599 923 659 voto

98 683 234 768 Optatas
258 683 367 747 andire
390 683 487 747 tubas
510 683 678 767 campique
701 688 833 747 cruenta
1080 707 1115 755 75

96 771 300 856 Tempestate
323 771 387 835 frui
410 772 598 854 truncisque
620 772 798 857 inmergere
821 772 973 855 plantas?

96 860 142 924 Vt
165 861 230 944 lec,
254 882 349 943 quem
372 859 479 924 fulvae
502 860 616 924 matris
641 861 793 943 spelunca
815 861 946 946 tegebat

95 949 259 1019 Vberibus
284 948 416 1012 solitum
439 949 542 1033 pasci,
566 971 638 1012 cum
662 970 801 1012 crescere
825 950 926 1013 sensit

94 1036 211 1123 Vngue
234 1037 330 1121 pedes
354 1041 386 1100 et
409 1041 502 1123 terga
525 1037 610 1101 iubis
634 1041 666 1101 et
689 1037 839 1101 dentibus
864 1060 933 1123 ora,

95 1124 164 1189 lam
187 1130 284 1212 negat
307 1125 454 1189 imbelles
478 1127 589 1209 epulas
613 1130 645 1189 et
668 1147 748 1208 rupe
771 1125 884 1189 relicta
1076 1147 1113 1197 80

96 1213 233 1279 Gaetulo
257 1237 363 1278 comes
386 1215 432 1278 ire
455 1214 541 1299 patri
565 1214 766 1297 stabulisque
789 1214 905 1278 minari

94 1301 233 1367 Aestuat
256 1308 288 1367 et
312 1303 389 1367 celsi
411 1304 489 1367 tabo
514 1303 642 1366 sordere
665 1302 799 1367 iuvenci.

95 1389 155 1456 Ille
177 1397 266 1456 vetat
290 1414 460 1474 rerumque
483 1391 544 1455 tibi
569 1391 770 1455 commendat
793 1392 935 1456 habenas

93 1480 138 1544 nt
162 1503 252 1545 sacro
275 1481 409 1545 meritos
433 1484 526 1544 ornat
550 1479 728 1543 diademate
752 1480 864 1544 crines,

93 1568 261 1653 Tantaque
285 1591 318 1633 se
341 1569 475 1632 rudibus
498 1568 603 1652 pietas
627 1567 768 1632 ostendit
791 1569 826 1631 in
848 1570 954 1655 annis,
1075 1592 1110 1640 85

59 1723 63 1730 ,
94 1655 147 1722 Sic
171 1662 260 1721 aetas
284 1657 391 1721 animo
415 1657 525 1743 cessit,
549 1660 759 1740 quererentur
781 1661 818 1721 ut
842 1680 952 1723 omnes

93 1744 269 1828 Imperium
292 1745 354 1809 tibi
378 1768 449 1810 sero
473 1747 592 1810 datum.

630 1833 778 1897 Victoria
800 1835 895 1899 velox

92 1920 256 2004 Auspiciis
280 1923 392 1985 effecta
415 1921 490 1986 tuis.
535 1920 711 2007 Pugnastis
734 1927 885 2006 uterque:

92 2008 141 2072 Tu
165 2009 241 2073 fatis
265 2009 456 2095 genitorque
479 2032 585 2074 manu.
631 2010 676 2074 Te
698 2015 831 2095 propter
854 2017 886 2076 et
909 2012 1009 2098 Alpes

91 2096 204 2161 lnvadi
227 2097 338 2161 faciles
362 2103 456 2162 cauto
479 2121 537 2163 nec
560 2099 684 2182 profuit
707 2099 795 2163 hosti
1073 2123 1108 2171 90

91 2185 227 2250 Munitis
250 2185 393 2250 haesisse
416 2187 509 2251 locis:
533 2209 606 2270 spes
629 2187 728 2251 inrita
750 2188 828 2252 valli

93 2273 241 2338 Concidit
265 2280 297 2339 et
321 2275 462 2359 scopulis
486 2279 660 2360 patuerunt
683 2277 824 2340 claustra
847 2279 992 2344 revulsis.

90 2362 135 2427 Te
158 2369 291 2449 propter
313 2364 429 2450 gelidis
451 2364 573 2448 Aquilo
598 2365 636 2428 dc
658 2369 768 2429 monte
791 2367 943 2449 procellis

91 2450 208 2518 Obruit
231 2454 380 2517 adversas
404 2453 488 2518 acies
512 2453 721 2537 revolutaque
744 2454 810 2518 tela

88 2540 197 2606 Vertit
219 2543 254 2606 in
277 2547 424 2607 auctores
448 2547 480 2606 et
503 2541 633 2606 turbine
656 2542 939 2626 reppulithastas.
1069 2565 1103 2612 95

90 2628 116 2693 Ο
140 2631 276 2695 nimium
299 2631 414 2695 dilecte
437 2631 509 2716 deo,
533 2631 584 2695 oui
607 2630 713 2696 fundit
737 2630 777 2693 ab
802 2632 904 2696 antris

88 2715 210 2781 Aeolus
235 2724 374 2783 armatas
397 2720 532 2804 hiemes,
557 2719 607 2783 cui
630 2719 750 2784 militat
774 2720 885 2784 aether

88 2805 133 2869 Et
157 2807 315 2871 coniurati
338 2808 471 2873 veniunt
495 2808 535 2873 ad
558 2808 691 2872 classica
713 2809 810 2872 venti.

90 2893 229 2978 Alpinae
252 2895 389 2959 rubuere
411 2897 516 2981 nives,
539 2901 572 2960 et
594 2895 745 2982 Frigidus
769 2897 872 2962 amnis

89 2982 225 3046 Mutatis
248 2984 385 3048 fumavit
408 2986 500 3068 aquis
524 2985 684 3068 turbaque
708 2985 877 3050 cadentum
1055 3005 1104 3054 100

89 3070 209 3156 Staret,
232 3073 266 3136 ni
290 3073 420 3157 rapidus
443 3073 578 3138 iuvisset
600 3073 734 3137 flumina
757 3075 898 3161 sanguis.
1158 3090 1160 3095 ’

154 3159 310 3224 At-ferus
334 3161 483 3226 inventor
507 3163 662 3226 scelerum
684 3162 854 3227 traiecerat
878 3165 980 3228 altum

88 3246 165 3312 Non
188 3271 252 3312 uno
276 3271 428 3315 mucrone
451 3251 552 3335 latus,
575 3250 756 3334 duplexque
780 3252 911 3336 tepebat

86 3335 198 3422 Ensis,
222 3342 254 3401 et
277 3337 409 3403 ultrices
432 3339 524 3426 inse
548 3343 749 3404 converterat
772 3340 837 3404 iras

86 3424 227 3490 Tandem
250 3426 336 3490 iusta
359 3449 482 3491 manus.
528 3425 597 3493 Iam
619 3427 770 3492 libertate
793 3430 937 3515 reducta,
1053 3448 1103 3496 105

89 3513 241 3589 Quamvis
266 3516 434 3580 emeritum
456 3519 581 3599 peteret
603 3519 719 3580 natura
742 3518 859 3582 reverti
