2392 3870
112 155 176 220 104
431 151 578 207 CLAVDII
597 153 798 209 OLAVDIANI

448 407 795 481 Puuuerfflcvs.

577 560 663 629 (Vll.)

183 670 292 734 Tertia
315 669 465 733 Romulei
489 674 619 733 sumant
641 669 772 732 exordia
795 670 898 734 fasces

114 758 240 842 Terque
262 762 336 822 tuas
360 756 456 821 ducat
477 757 630 821 bellatrix
652 779 771 842 pompa
794 757 933 841 curules3

115 847 245 912 Festior
268 868 371 911 annus
394 850 446 909 eat
470 845 658 929 cinctusque
681 847 809 910 imitata
834 845 978 910 Gabinos

116 936 215 1000 Dives
237 934 420 1019 Hydaspeis
445 939 596 1020 augescat
618 958 761 1019 purpura
784 935 934 1021 gemmis3

118 1023 297 1090 Succedunt
320 1023 419 1087 armis
442 1023 584 1108 trabeae,
607 1024 748 1087 tentoria
771 1023 868 1087 lictor
1118 1040 1133 1087 s

117 1112 251 1177 Ambiat
275 1116 306 1176 et
328 1110 442 1175 Latiae
464 1111 595 1175 redeant
619 1111 776 1198 adsigna
800 1133 939 1195 secures,

117 1200 230 1284 Tuque
253 1223 272 1265 o
297 1200 353 1283 qui
376 1199 519 1284 patrium
542 1200 627 1263 curis
651 1200 840 1284 aequalibus
865 1200 975 1264 orbem

115 1290 187 1355 Eoo
212 1312 284 1354 cum
307 1289 408 1352 fratre
430 1288 531 1375 regis,
553 1289 689 1372 procede
713 1288 861 1353 secundis

115 1379 262 1443 Alitibus
284 1377 473 1460 Phoebique
496 1399 598 1441 novos
623 1377 728 1441 ordire
751 1381 889 1462 meatus,

120 1467 200 1553 Spes
223 1471 399 1550 votumque
422 1465 504 1550 poli,
528 1488 622 1549 quem
645 1466 750 1550 primo
774 1489 793 1529 a
816 1464 928 1530 limine
950 1465 1037 1528 vitae
1101 1482 1136 1531 ιο
1160 1528 1164 1537 ,

116 1556 238 1622 Nutrix
262 1556 336 1619 aula
359 1554 460 1639 fovet,
484 1553 607 1618 strictis
631 1576 725 1637 quem
748 1554 874 1640 fulgida
896 1554 971 1617 telis

117 1644 208 1709 Inter
230 1643 410 1729 laurigeros
434 1644 583 1707 aluerunt
607 1648 712 1707 castra
734 1643 926 1727 triumphos.

69 1766 74 1777 ·
116 1732 228 1797 Ardua
251 1732 395 1815 privatos
417 1733 521 1796 nescit
544 1731 688 1795 Fortuna
710 1735 844 1815 penates

117 1820 163 1884 Et
186 1841 321 1905 regnum
344 1842 417 1883 eum
439 1819 510 1883 luce
534 1819 629 1884 dedit.
677 1819 823 1907 Cognata
845 1824 989 1903 potestas

117 1907 257 1991 Excepit
279 1907 378 1990 Tyrio
401 1907 584 1972 venerabile
607 1909 726 1994 pignus
750 1909 785 1972 in
808 1913 897 1972 ostro
1103 1925 1137 1973 15

118 1996 349 2079 Lustravitque
371 2000 446 2059 tuos
470 1996 588 2078 aquilis
611 1997 801 2062 victricibus
826 2001 916 2061 ortus

119 2084 215 2150 Miles
239 2083 330 2148 etin
352 2083 467 2147 mediis
492 2085 651 2149 cunabula
674 2085 823 2170 praebuit
847 2085 961 2153 hastis.

120 2174 165 2238 Te
188 2176 339 2236 nascente
362 2172 453 2235 ferox
476 2176 547 2236 toto
572 2172 744 2238 Germania
766 2173 880 2238 Rheno

120 2261 293 2326 Intremuit
316 2261 482 2343 movitque
506 2283 580 2325 suas
604 2262 776 2328 formidine
800 2262 899 2326 silvas

122 2349 283 2415 Caucasus
307 2353 338 2413 et
361 2349 479 2434 positis
501 2372 621 2414 numen
644 2351 790 2415 confessa
813 2351 974 2435 pharetris
1100 2367 1138 2415 20

120 2439 259 2528 lgnavas
282 2438 391 2504 Meroe
413 2438 514 2502 traxit
538 2438 576 2502 de
600 2439 687 2504 crine
711 2440 856 2526 sagittas.

119 2528 270 2614 Reptasti
292 2551 350 2612 per
373 2532 464 2591 scuta
486 2550 579 2612 puer,
602 2550 777 2614 regumque
800 2531 944 2593 recentes

121 2617 267 2682 Exuviae
290 2617 353 2680 tibi
376 2616 471 2680 ludus
495 2621 600 2702 erant,
622 2617 810 2701 primusque
834 2616 960 2680 solebas

120 2704 246 2789 Aspera
269 2705 440 2788 complecti
463 2709 592 2769 torvum
615 2710 689 2788 post
712 2705 836 2789 proelia
858 2709 995 2789 patrem,

123 2793 223 2880 Signa
246 2792 446 2877 triumphato
471 2794 621 2876 quotiens
643 2794 787 2858 flexisset
811 2794 851 2856 ab
874 2793 989 2857 Histro
1102 2809 1139 2858 25

121 2882 242 2946 Arctoa
266 2880 305 2944 de
328 2887 436 2968 strage
460 2882 580 2967 calens,
603 2886 635 2945 et
658 2904 790 2966 poscere
812 2886 937 2966 partem

121 2971 170 3035 De
195 2969 322 3054 spoliis,
347 2968 516 3054 Scythicos
540 2992 633 3034 arcus
657 2975 712 3034 aut
735 2974 828 3055 rapta
852 2970 984 3036 Gelonis

125 3058 263 3144 Cingula
285 3058 337 3121 vel
360 3059 501 3122 iaculum
523 3058 604 3122 Daci
627 3060 679 3123 vel
701 3059 792 3124 frena
816 3059 922 3124 Suebi.

121 3147 181 3212 llle
205 3147 387 3210 coruscanti
410 3147 513 3231 clipeo
536 3151 569 3211 te
593 3169 686 3232 saepe
709 3149 871 3212 volentem

122 3235 262 3301 Sustulit
286 3235 432 3299 adridens
456 3240 488 3299 et
511 3240 640 3320 pectore
663 3237 781 3321 pressit
805 3237 920 3300 anhelo
1102 3253 1139 3301 30

121 3324 322 3409 Intrepidum
345 3323 422 3387 ferri
444 3325 555 3410 galeae
577 3347 636 3389 nec
659 3325 752 3389 triste
776 3325 943 3389 timentem

122 3414 247 3500 Fulgur
270 3416 302 3476 et
326 3412 366 3475 ad
389 3434 530 3476 summas
553 3413 736 3477 tendentem
759 3414 892 3478 brachia
915 3412 1038 3476 cristas.

123 3503 206 3567 Tum
230 3501 402 3565 siclaetus
427 3500 485 3564 ait:
509 3500 590 3565 ‘Rex
614 3524 632 3566 o
657 3502 818 3566 stellantis
842 3501 985 3586 Olympi,
