2392 3870
67 184 216 255 (XXVIII.)
238 178 495 237 PANEGYRIOVS
509 177 557 232 DE
577 177 695 234 SEXTO
711 177 812 234 CONS.
826 177 991 234 HONORII.
1013 178 1077 243 189

60 347 123 412 Sed
145 366 205 409 nec
227 346 303 427 post
325 342 463 424 Libyam
486 339 593 428 (falsis
616 363 656 405 ne
679 362 777 426 perge
800 339 952 423 querellis

59 434 210 499 incusare
233 429 323 518 tuos)
346 431 470 514 patriae
492 429 644 493 mandata
667 429 813 494 vocantis
1024 445 1076 495 430

61 523 260 606 Sprevimus:
284 520 434 583 advectae
456 518 556 582 misso
581 517 760 582 Stilichone
784 518 919 602 curules,

58 611 105 675 Vt
127 614 256 675 nostras
279 608 355 692 tibi,
377 608 497 691 Roma,
520 608 605 671 vices
628 628 687 691 pro
710 606 855 691 principe
879 605 992 670 consul

60 698 213 782 Impleret
236 718 418 783 generoque
441 717 539 760 socer.
585 695 723 760 Vidistis
747 695 782 758 in
804 695 862 759 illo

61 788 114 852 Me
137 808 278 871 quoque;
302 786 349 849 sic
372 784 473 849 credit
495 784 600 868 pietas
622 805 690 848 non
712 783 870 870 sanguine
894 784 974 869 solo,

61 876 124 941 Sed
147 876 242 939 claris
265 875 375 958 potius
398 873 494 937 factis
517 876 649 956 experta
670 877 845 956 parentem.
1025 887 1077 936 430

61 964 184 1029 Cuncta
208 963 337 1046 quidem
365 965 493 1027 eentum
519 983 677 1045 nequeam
703 961 920 1048 perstringere
947 959 1078 1047 linguis,

61 1052 148 1129 Quae
171 1074 230 1136 pro
254 1073 304 1116 me
327 1051 511 1134 mundoque
534 1050 632 1136 gerit3
656 1051 711 1114 sed
734 1050 775 1113 ab
800 1050 950 1114 omnibus
967 1072 1078 1135 unum,

64 1140 99 1206 Si
122 1141 208 1205 fama
230 1138 367 1204 necdum
390 1139 510 1224 patuit,
533 1143 579 1224 te,
602 1139 720 1223 Roma,
743 1138 864 1202 docebo

62 1228 251 1295 Subiectum
272 1227 394 1292 nostris
418 1227 520 1291 oculis
544 1231 576 1292 et
599 1228 691 1292 cuius
714 1227 830 1313 agendi

62 1317 232 1401 Spectator
254 1316 306 1380 vel
329 1337 425 1380 causa
447 1315 503 1380 fui.
994 1335 1000 1348 ·
1025 1330 1078 1380 440
1102 1380 1104 1385 ,

556 1404 751 1488 ‘Populator
771 1402 914 1468 Achivae

61 1493 293 1576 Bistoniaeque
316 1493 447 1579 plagae,
471 1493 591 1558 crebris
615 1493 818 1558 successibus
841 1513 950 1556 amens

63 1583 108 1647 Et
132 1586 244 1666 ruptas
268 1582 384 1646 animis
407 1582 535 1665 spirans
557 1582 742 1646 inmanibus
765 1579 866 1665 Alpes

64 1670 133 1735 Iam
150 1672 309 1757 Ligurum
331 1671 466 1754 trepidis
489 1670 675 1735 admoverat
697 1671 827 1757 agmina
849 1669 951 1734 muris

63 1760 178 1823 Tutior
200 1759 322 1823 auxilio
345 1760 479 1823 brumae
502 1757 581 1846 (quo
605 1760 757 1845 gentibus
780 1759 847 1823 illis

63 1847 174 1912 Sidere
198 1848 343 1912 consueti
366 1848 453 1913 favet
475 1848 681 1912 inclementia
704 1845 799 1934 caeli)
1027 1863 1080 1913 445

63 1936 180 2019 Meque
203 1935 389 1999 minabatur
406 1937 534 2000 >calcato
559 1937 706 2002 obsidere
728 1937 815 2001 vallo

66 2024 163 2108 Spem
185 2046 269 2088 vano
292 2027 415 2088 terrore
438 2025 564 2112 fovens,
588 2026 736 2111 ritorto,
759 2025 894 2090 remotis

63 2112 252 2198 Praesidiis,
276 2117 412 2199 urgente
435 2118 538 2199 metu,
562 2136 625 2197 qua
647 2116 745 2180 vellet
770 2115 894 2180 obirem

65 2201 261 2266 Condicione
284 2201 395 2288 fidem3
417 2224 477 2267 nec
499 2225 550 2267 1110
573 2203 672 2268 timor
694 2205 825 2288 impulit
848 2204 936 2268 ullus

64 2290 110 2354 Et
134 2290 212 2354 duce
234 2294 370 2355 venturo
394 2292 514 2356 fretum
536 2314 774 2375 memoremque
796 2297 937 2376 tuorum,
1029 2306 1082 2356 450

63 2379 181 2464 Roma,
204 2380 336 2465 ducum,
360 2380 478 2463 quibus
496 2381 583 2445 haud
601 2403 755 2465 umquam
773 2381 825 2445 vel
847 2383 952 2444 morte
969 2381 1083 2461 parata

64 2467 191 2530 Foedus
214 2469 296 2532 lucis
320 2490 410 2532 amor
432 2469 558 2554 pepigit
581 2468 746 2552 dispendia
769 2469 881 2531 famae.

64 2554 140 2620 Nox
164 2560 232 2619 erat
255 2559 287 2620 et
310 2556 375 2619 late
399 2558 567 2620 stellarum
589 2579 678 2620 more
701 2556 849 2619 videbam

65 2643 258 2707 Barbaricos
277 2643 386 2706 ardere
409 2644 513 2728 focos3
535 2645 601 2708 iam
624 2643 759 2708 classica
781 2643 904 2727 primos

66 2731 242 2796 Excierant
265 2730 395 2816 vigiles,
419 2731 525 2817 gelida
549 2754 622 2796 cum
644 2731 779 2816 pulcher
802 2732 842 2795 ab
865 2729 967 2795 Arcto
1030 2746 1082 2796 455

67 2819 231 2884 Adventat
254 2817 401 2884 Stilicho.
447 2819 573 2885 Medius
597 2822 653 2885 sed
676 2820 835 2885 clauserat
853 2819 958 2884 hostis

67 2907 157 2972 luter
179 2930 230 2972 me
254 2929 463 2991 socerumque
486 2909 573 2973 viam
595 2914 791 2994 pontemque
813 2909 954 2993 tenebat,

65 2995 181 3060 Addua
205 3018 268 3079 quo
293 2997 411 3061 scissas
435 2999 617 3081 spumosior
638 2998 754 3062 incitat
775 2998 887 3062 undas.

70 3084 154 3159 Quid
177 3086 318 3149 faceret?
342 3087 483 3151 differret
505 3088 589 3152 iter?
620 3087 816 3151 Discrimina
837 3085 946 3151 nullas
1064 3135 1067 3142 .

67 3172 191 3237 Nostra
214 3173 334 3238 dabant
364 3175 507 3240 adeunda
534 3198 651 3241 moras.
696 3176 921 3259 Perrumperet
945 3173 1084 3260 agmen?

68 3261 132 3326 Sed
154 3263 265 3346 paucis
289 3263 462 3329 comitatus
486 3269 568 3350 erat3
590 3287 666 3329 nam
687 3265 827 3348 plurima
849 3267 946 3350 retro,
1031 3280 1082 3329 461

67 3349 155 3414 Dum
177 3351 273 3415 nobis
295 3357 448 3436 properat
472 3375 668 3439 succurrere,
691 3353 830 3437 liquerat
852 3374 942 3417 arma

66 3437 188 3502 Extera
211 3440 263 3503 vel
285 3445 414 3506 nostras
437 3443 529 3507 acies.
575 3442 647 3507 Hoc
669 3443 725 3507 ille
747 3443 874 3507 locatus

68 3525 228 3613 Ancipiti,
251 3529 387 3615 longum
410 3532 514 3595 socias
537 3531 729 3616 tardumque
750 3531 879 3616 putavit
