2392 3870
99 178 211 248 (XVH.)
232 176 314 232 PAN.
334 176 463 233 DICTVS
482 175 623 256 MANLIO
642 175 841 233 THEODORO
856 174 1020 236 CONSVLI.
1049 178 1113 245 137

99 342 216 421 Elucet
239 341 383 428 gravitas
405 341 493 404 fastu
515 340 654 405 iucunda
677 344 810 405 remoto.

100 429 188 507 Quae
210 452 278 494 non
301 429 424 514 sediti0‚
448 451 529 512 quae
551 451 618 494 non
640 429 766 493 insania
789 430 880 517 vulgi

100 519 144 592 Te
168 519 238 583 viso
261 517 362 583 lenita
385 518 501 583 cadat?
525 539 607 601 quae
630 517 760 583 dissona
782 518 849 583 ritu

100 607 280 693 Barbaries,
302 606 399 670 medii
423 628 520 690 quam
542 628 609 670 non
631 607 810 672 reverentia
833 607 985 695 frangat?
1062 625 1115 675 250

99 696 162 760 Vel
186 695 257 780 quis
279 717 347 760 non
370 694 482 759 sitiens
507 696 663 759 sermonis
686 695 783 760 mella
804 697 901 780 politi

99 785 234 849 Deserat
258 783 404 868 Orpheos
427 783 546 847 blanda
569 783 731 849 testudine
755 787 892 850 cantus?

100 873 234 950 Qualem
257 877 289 936 te
312 873 451 959 legimus
474 873 577 936 teneri
599 873 775 957 primordia
797 875 908 938 mundi

100 962 302 1027 Scn'bentem
326 965 382 1026 aut
404 964 514 1045 partes
538 961 672 1047 animae,
694 983 752 1045 per
776 963 904 1049 singula
927 964 1026 1043 talem

101 1050 268 1115 Cernimus
292 1054 324 1115 et
348 1050 469 1115 similes
493 1050 641 1136 agnoscit
664 1051 782 1136 pagina
805 1074 919 1117 mores.
1008 1059 1015 1078 ³
1062 1070 1114 1120 255

163 1139 234 1204 Nec
257 1139 357 1204 dilata
379 1140 446 1204 tuis
469 1137 620 1225 Augusto
643 1139 748 1203 iudice
770 1162 892 1205 merces

100 1228 235 1313 Officiis,
257 1228 414 1310 illumque
436 1227 594 1313 habitum,
618 1250 682 1310 quo
706 1228 852 1314 iungitur
875 1230 966 1293 aulae

101 1317 206 1402 Curia,
229 1317 286 1399 qui
310 1317 396 1380 socio
419 1338 568 1400 proceres
592 1338 666 1380 oum
687 1316 831 1401 principe
853 1319 964 1403 nectit,

101 1404 203 1481 Quem
227 1408 341 1488 quater
363 1404 432 1488 ipse
455 1405 548 1491 gerit,
571 1405 714 1489 perfecto
738 1405 854 1470 detulit
878 1429 962 1471 anno

98 1493 322 1577 Deposuitque
346 1515 421 1556 suas
444 1497 476 1558 te
501 1493 689 1558 succedente
713 1494 847 1559 curules.

101 1582 254 1646 Crescunt
276 1582 414 1646 virtutes
437 1582 636 1666 fecundaque
659 1583 773 1647 floreat
796 1588 893 1648 aetas.

97 1669 241 1757 Ingeniis
263 1671 371 1755 patuit
394 1692 525 1755 campus
549 1676 718 1755 certusque
741 1673 877 1737 merenti

99 1760 171 1824 Stat
194 1761 299 1825 favor:
323 1763 457 1823 ornatur
478 1760 619 1844 propriis
642 1760 801 1824 industria
825 1760 926 1827 donis.

100 1848 229 1933 Surgite
254 1848 387 1933 sopitae,
412 1871 492 1932 quas
516 1849 624 1914 obruit
648 1849 799 1935 ambitae,
823 1854 917 1914 artes.

98 1936 156 2002 Nil
179 1937 254 2000 licet
277 1937 426 2023 invidiae,
450 1937 586 2002 Stilicho
610 1938 686 2001 dum
708 1938 865 2022 prospicit
889 1939 960 2004 orbi

100 2025 312 2109 sidereusque
335 2048 441 2112 gener.
486 2025 563 2090 Non
585 2026 639 2091 hic
660 2026 782 2092 violata
806 2029 935 2114 curulis,

99 2114 219 2197 Turpia
241 2136 308 2178 non
330 2115 442 2180 Latios
465 2115 626 2180 incestant
647 2117 780 2180 nomina
802 2117 919 2203 fastos3

97 2202 252 2267 Fortibus
275 2204 354 2267 haec
378 2226 529 2268 concessa
551 2203 629 2268 viris
654 2205 795 2288 solisque
818 2207 957 2292 gerenda

98 2291 252 2355 Patribus
276 2296 309 2356 et
330 2292 453 2356 Romae
475 2315 653 2377 numquam
674 2294 781 2358 latura
804 2295 967 2378 pudorem.

164 2379 290 2445 Nuntia
312 2385 464 2446 votorum
487 2382 582 2446 celen'
604 2382 669 2446 iam
691 2382 791 2446 Fama
813 2384 926 2447 volatu
1061 2399 1113 2450 270

97 2468 244 2533 Moverat
267 2468 392 2534 Aonios
415 2470 526 2534 audito
549 2471 680 2536 consule
703 2471 803 2535 lucos.

99 2557 271 2622 Concinuit
294 2559 373 2622 felix
394 2558 533 2623 Helicon
557 2559 715 2643 fluxitque
738 2556 908 2644 Aganippe

96 2646 235 2732 Largior
258 2651 289 2711 et
313 2647 400 2712 docti
422 2647 563 2712 risenmt
586 2647 721 2712 floribus
745 2668 863 2710 amnes.

96 2734 218 2799 Vrania
242 2735 390 2799 redimita
414 2757 531 2820 comas,
555 2758 618 2818 qua
642 2757 735 2819 saepe
758 2735 915 2821 magistra

97 2822 239 2887 Manlius
262 2824 419 2910 igniferos
443 2824 533 2887 radio
558 2823 769 2907 descripserat
792 2846 877 2909 axes,

98 2910 152 2976 Sic
175 2913 255 2977 alias
278 2914 409 2977 hortata
432 2913 520 2976 deas:

571 3000 782 3087 ‘Patimume
805 3021 941 3088 sorores,

98 3087 218 3173 Optato
242 3090 356 3174 procul
379 3112 448 3153 esse
472 3090 521 3153 die
544 3111 603 3154 nec
626 3089 738 3153 limina
760 3089 865 3154 nostri

100 3177 250 3242 Consulis
273 3184 305 3244 et
330 3201 455 3263 semper
478 3178 611 3243 dilectas
634 3179 768 3242 visimus
792 3177 907 3242 aedes?

99 3267 232 3351 [Notior
255 3272 304 3332 est
328 3267 506 3331 Stilichone
530 3267 652 3332 domus
688 3266 821 3332 Gestare
844 3267 985 3351 curules]

97 3355 151 3419 En
174 3356 277 3420 fasces
302 3357 440 3420 subiisse
463 3356 577 3420 libet,
598 3356 755 3421 Miracula
777 3355 865 3440 plebi
1021 3432 1024 3436 ,
1059 3371 1111 3420 280

99 3444 253 3530 Colligite
277 3449 309 3509 et
333 3445 428 3508 claris
450 3466 569 3509 nomen
592 3445 754 3510 celebrate
775 3444 933 3509 theatris.

167 3533 226 3595 ‘Tu
248 3531 337 3597 loris
355 3535 509 3620 aequorei
535 3558 760 3604 summersam
781 3533 953 3600 ductlous
973 3522 1099 3586 umam
