2392 3870
425 184 591 240 CARMINA
611 183 766 242 GRAECA.
1040 186 1104 251 315

508 397 541 451 v.
561 397 683 466 (mv.)

466 527 536 600 Εἰς
558 525 599 589 τὸ
626 525 729 590 αὐτό.

88 647 168 711 Εἶτ’
194 647 253 727 ἀγε
283 671 353 732 μοι,
383 648 580 735 κρύσταλλε,
613 651 700 736 λίθῳ
729 645 981 732 πεπυκασμένον
1010 648 1103 735 ύάωρ

221 740 272 812 τίς
293 735 395 820 πῆξεν
417 735 556 823 Βορέης;
580 737 600 821 ῆ
623 741 674 813 τίς
697 740 792 802 ἔλυσε
814 740 938 815 Νύτος;

500 929 547 985 VI.
567 927 686 999 (xcw.)

422 1057 492 1130 Εἰς
515 1056 583 1119 τὸν
606 1063 768 1140 σωτῆρα.

147 1173 186 1242 Ὦ
208 1179 314 1263 πυρὸς
337 1177 469 1242 ἀενάοιο
493 1180 603 1261 σοφῆν
626 1177 732 1242 ὠδῖνα
755 1179 937 1261 φυλάσσων

85 1266 253 1351 έμβεβαὼς
274 1268 411 1350 κόσμοιο
434 1267 673 1349 παλινάίνητον
696 1265 845 1350 ἀνάγκην

86 1351 207 1440 Χριστὲ
229 1354 426 1440 θεοῤῥῆτοιο
449 1357 526 1438 βίου
550 1357 686 1439 φυσίζοε
711 1357 799 1438 πηγῆ

84 1445 209 1529 πατρὸς
232 1442 434 1527 ἀσημάντοιο
457 1450 541 1508 θεοῦ
564 1446 780 1530 πρωτόσπορε
802 1446 914 1528 φωνή,

85 1532 124 1608 ὃς
146 1533 226 1615 μετά
249 1531 412 1620 μητρῴων
435 1542 576 1598 τοκετῶν
600 1531 765 1616 ἐγκύμονα
788 1535 916 1618 φόρτον
1085 1551 1101 1600 ο

86 1618 142 1685 καὶ
163 1623 266 1703 γόνον
290 1618 524 1686 αὐτοτέλὲστον
547 1620 770 1705 ἀνυμφεύτων
791 1621 960 1704 ὑμεναίων

87 1711 210 1792 στήσας
230 1707 406 1796 Ἀσσυρίης
428 1719 542 1793 γενεῆς
565 1706 768 1795 ἕτερόφρονα
791 1709 919 1775 λύσσαν

87 1799 184 1883 ὄργια
208 1795 239 1862 θ’
261 1798 410 1863 εἰδώλων
431 1808 555 1863 κενεῶν
577 1798 780 1882 ῆευδώνυμα
803 1798 907 1875 λύσας

84 1886 223 1971 αἰθέρος
245 1885 474 1971 ἀμφιβέβηκας
497 1884 550 1970 ἐφ’
571 1883 758 1965 ἕπτάζωνον
780 1887 863 1971 ὀχῆα

84 1974 273 2058 ἀγγελικαϊς
295 1976 513 2061 πτερύγεσσιν
536 1973 573 2040 ἐν
595 1974 768 2060 ἀρρήτοισι
790 1976 965 2041 θαάσσων·
1067 1992 1100 2041 10

85 2065 181 2128 ἵλαθι
203 2062 405 2146 παγγενέταο
428 2070 512 2128 θεοῦ
534 2065 716 2150 πρεσβῆιον
739 2066 841 2149 ὄμμα,
914 2102 915 2105 ¹

83 2149 213 2243 φρουρλ
236 2155 328 2237 βίου,
351 2163 455 2238 σῶτερ
479 2155 646 2238 μερόπων,
671 2154 792 2230 αἰῶνος
815 2153 978 2219 ἀνάσσωυ.

486 2345 544 2400 vn.
564 2344 698 2415 (Χονιι)

434 2473 504 2546 Εἰς
527 2472 595 2535 τὸν
618 2471 747 2535 αὐτόν.

146 2589 342 2678 Ἀρτιφανὲς
363 2596 519 2675 πολιοῦχε
541 2589 736 2675 παλαιγενές
758 2589 810 2658 υἱὲ
833 2592 951 2674 νεογνέ

83 2678 157 2744 αιέν
180 2680 244 2745 ἐὼν
266 2681 397 2762 προεών
419 2703 454 2744 τε
475 2678 636 2765 ὑπέρτατε
658 2680 778 2745 ὕστατε
800 2680 923 2763 Χριστέ

83 2768 267 2833 ἀθανάτοιο
290 2770 414 2854 πατρός
436 2791 470 2833 τε
492 2768 667 2855 ὁμόχρονε,
690 2768 827 2853 πάμπαν
849 2769 950 2854 ὁμοῖε.

154 2959 228 3014 V15
248 2957 329 3031 μετὰ]
350 2961 510 3028 Ιασολιεάνσ;
528 2956 607 3030 μέγα.
