2392 3870
54 150 202 221 (XXVIII.)
221 146 478 202 PANEGYRIOVS
496 147 544 201 DE
564 147 681 203 SEXTO
700 147 801 203 CONS.
816 147 982 204 HONORII.
1008 149 1073 214 193

55 313 139 377 Viva
164 311 290 375 dedit‘?'
338 309 463 376 Gaudet
485 313 632 374 metuens
656 313 688 373 et
711 308 829 394 pollice
851 313 1022 397 monstrat,

55 401 150 478 Quod
173 401 351 483 picturatas
375 399 486 485 galeae
508 397 646 463 Iunonia
669 399 784 462 cristas
1021 415 1073 464 5⁷5

57 489 158 554 Ornet
182 489 250 552 avis
273 488 325 552 vel
348 488 435 572 quod
457 487 580 573 rigidos
602 487 730 551 vibrata
752 509 810 569 per
833 509 940 552 armos

57 579 170 643 Rubra
194 577 254 640 sub
278 581 392 640 aurato
416 576 598 660 crispentur
621 576 722 653 serica
746 576 850 640 dorso.

125 666 214 730 Tunc
237 666 298 729 tibi
321 686 513 751 magnorum
535 686 674 728 mercem
695 664 841 729 Fortuna
863 665 1013 729 laborum

57 754 232 838 Persolvit‚
256 753 407 837 Stilicho,
431 776 527 818 curru
551 775 623 816 cum
645 757 757 818 rectus
781 753 892 818 eodem

57 843 145 908 Vrbe
168 842 423 926 triumphantem
444 863 599 929 generum
621 843 756 906 florente
779 841 910 906 iuventa
1023 858 1076 909 080

58 931 266 1015 Conspiceres
289 931 446 1014 illumque
470 930 554 995 diem
577 931 638 995 sub
662 929 756 994 corde
778 931 923 1016 referres,

57 1020 128 1098 Quo
152 1020 214 1084 tibi
238 1019 372 1085 confusa
395 1018 502 1083 dubiis
526 1019 697 1084 formidine
719 1020 817 1083 rebus

57 1108 220 1173 infantem
243 1109 371 1195 genitor
393 1109 535 1173 moriens
559 1108 720 1173 commisit
744 1106 902 1172 alendum.

57 1198 205 1262 Virtutes
229 1197 336 1261 variae
359 1196 485 1260 fructus
510 1219 637 1261 sensere
660 1200 820 1281 receptos3

58 1286 253 1369 Depositum
276 1307 434 1370 servasse,
457 1286 552 1372 fides3
576 1285 771 1370 constantia,
794 1306 931 1368 parrum
1023 1300 1075 1350 685

58 1374 255 1438 Praefecisse
279 1373 364 1458 orbi3
386 1373 503 1459 pietas,
526 1374 647 1438 fovisse
669 1373 897 1457 propinquum.

58 1463 122 1526 Hic
147 1467 195 1527 est
218 1462 274 1526 ille
297 1484 390 1547 puer,
414 1463 470 1546 qui
491 1485 579 1527 nunc
602 1463 643 1546 ad
665 1466 771 1525 rostra
795 1461 937 1538 Quirites

58 1551 183 1616 Evocat
207 1555 238 1615 et
262 1551 344 1615 solio
368 1551 471 1616 fultus
495 1551 653 1638 genitoris
677 1551 799 1614 eburno

59 1640 231 1704 Gestarum
253 1639 401 1724 patribus
426 1663 539 1705 causas
563 1663 602 1704 ex
626 1639 736 1704 ordine
759 1661 867 1703 rerum

58 1729 269 1811 Eventusque
292 1730 390 1793 refert
413 1733 622 1813 veterumque
645 1729 790 1812 exempla
814 1729 943 1792 secutus
1025 1742 1079 1793 590

58 1818 187 1903 Digerit
210 1817 338 1900 imperii
362 1817 422 1880 sub
445 1817 550 1881 iudice
572 1818 659 1881 facta
683 1821 804 1882 senatu.

59 1905 117 1971 Nil
141 1905 284 1969 cumulat
306 1905 414 1969 verbis
438 1927 520 1989 quae
543 1905 591 1970 nil
614 1906 731 1970 fiducia
755 1905 850 1990 celat3

58 1994 175 2057 Fucati
198 1993 355 2057 sermonis
380 2015 474 2077 opem
495 2016 586 2059 mens
610 1995 738 2059 conscia
761 1994 866 2059 laudis

59 2082 193 2146 Abnuit.
239 2080 432 2168 Agnoscunt
454 2105 616 2170 proceres3
639 2084 818 2169 habituque
842 2082 969 2148 Gabino

59 2170 219 2254 Principis
243 2175 275 2233 et
299 2170 433 2234 ducibus
458 2172 700 2257 circumstipata
723 2172 845 2259 togatis
1025 2186 1077 2236 695

58 2258 132 2323 Iure
155 2259 326 2343 paludatae
349 2259 414 2323 iam
438 2261 526 2325 curia
548 2262 669 2326 militat
692 2262 792 2326 aulae.

60 2346 176 2411 Adfuit
199 2348 269 2432 ipsa
293 2348 360 2412 suis
384 2350 450 2413 ales
473 2350 621 2415 Victoria
643 2350 774 2434 templis

60 2437 226 2501 Romanae
249 2438 352 2502 tutela
375 2441 484 2524 togae:
509 2461 590 2522 quae
614 2437 713 2502 divite
736 2457 842 2521 penna

59 2525 193 2589 Patricii
216 2526 388 2590 reverenda
410 2527 499 2590 foret
523 2526 662 2591 sacraria
686 2529 797 2589 coetus

61 2613 313 2696 Castrorumque
337 2613 447 2677 eadem
470 2636 576 2678 comes
598 2613 759 2677 indefessa
782 2615 914 2675 tuorum
1026 2626 1078 2676 600

59 2702 156 2767 Nunc
179 2701 308 2765 tandem
332 2699 452 2763 fruitur
474 2702 560 2765 votis
584 2705 681 2784 atque
705 2722 799 2766 omne
822 2699 968 2764 futurum

61 2790 106 2854 'l'e
129 2790 252 2854 Romae
277 2810 408 2872 seseque
431 2788 493 2852 tibi
515 2789 679 2873 promittit
701 2790 737 2853 in
759 2811 881 2852 aevum.

128 2878 214 2941 Hinc
236 2881 269 2942 te
292 2877 357 2940 iam
378 2877 493 2960 patriis
516 2878 640 2943 laribus
662 2879 715 2943 via
737 2877 867 2943 nomine
889 2897 966 2940 vero

62 2967 159 3032 Sacra
182 2967 289 3030 refert.
334 2964 468 3052 Flagrat
492 2967 609 3031 studiis
633 2966 803 3032 concordia
825 2964 926 3052 vulgi,

62 3055 166 3132 Quam
187 3078 255 3120 non
276 3054 448 3119 inlecebris
472 3055 608 3140 dispersi
631 3056 758 3143 colligis
781 3055 864 3139 auri3
1026 3069 1078 3120 605

61 3143 130 3210 Nec
153 3144 215 3208 tibi
237 3144 366 3209 venales
391 3148 522 3228 captant
546 3145 667 3209 aeraria
689 3146 823 3230 plausus

63 3232 262 3316 Corruptura
285 3234 394 3297 fidem:
417 3234 541 3298 meritis
566 3235 699 3299 offertur
720 3234 884 3316 inemptus

61 3322 147 3385 Pura
166 3327 272 3386 mente
295 3322 395 3386 favor.
440 3321 526 3388 Nam
548 3344 680 3387 munere
703 3322 807 3386 carior
830 3319 918 3385 omni

63 3410 247 3497 Obstringit
271 3433 329 3474 sua
352 3432 511 3494 quemque
534 3413 630 3476 salus.
676 3411 795 3475 Procul
818 3409 960 3473 ambitus
979 3409 1079 3472 erret!

64 3497 141 3563 Non
166 3499 291 3582 quaerit
314 3500 470 3585 pretium,
493 3500 595 3565 vitam
618 3500 676 3586 qui
698 3500 797 3564 debet
818 3497 941 3562 amori.
1040 3508 1101 3552 0κο

116 3612 334 3666 armazanicis,
351 3614 386 3657 ed.
400 3616 489 3658 Koch.
852 3605 894 3654 lb
