2392 3870
139 135 182 201 22
462 135 608 192 CLAVDII
626 134 826 192 curvomnl

260 391 315 463 IN
342 389 565 462 RUPINUM
592 389 737 462 LIBER
765 389 1024 463 SECVNDVS.

439 567 592 629 INCIPIT
614 565 851 629 PRAEFATIO.

611 701 685 771 (lv.)

140 827 276 893 Pandite
300 827 466 893 defensum
488 826 620 890 reduces
642 825 800 892 Helicona
823 849 959 914 sorores,

184 916 333 1001 Pandite3
359 915 528 999 promissis
550 915 616 980 iem
639 915 714 979 licet
736 915 784 979 ire
808 916 927 980 choris:

140 1004 242 1069 Nulla
263 1027 321 1088 per
342 1003 466 1068 Aonios
489 1003 619 1068 hostilis
642 1003 760 1068 bucina
782 1025 913 1088 campos

88 1105 92 1111 '
188 1092 337 1157 Carmina
359 1092 487 1179 mugitu
510 1091 666 1157 deteriore
689 1096 785 1157 vetat.

141 1182 191 1246 Tu
215 1203 342 1265 quoque
366 1180 486 1246 securis
508 1180 603 1265 pulsa
625 1180 797 1246 formidine
818 1180 954 1265 Delphis
1140 1201 1157 1248 5

185 1269 337 1334 Floribus
359 1270 513 1353 ultorem,
534 1269 640 1355 Delie,
663 1268 755 1355 cinge
778 1274 879 1334 tuum.

140 1357 261 1424 Nullus
285 1357 445 1424 Castalios
467 1357 580 1422 latices
603 1361 635 1421 et
657 1357 802 1441 praescio
824 1358 884 1424 fati

184 1447 334 1512 Flumina
356 1447 483 1530 polluto
506 1447 672 1511 barbarus·
688 1467 742 1510 ore
764 1445 858 1511 bibit.

142 1622 288 1708 Alpheus
311 1624 377 1687 lete
400 1623 511 1688 rubuIt
535 1621 742 1706 Siculumque
764 1645 823 1707 per
845 1592 965 1707 aequor

188 1711 387 1797 Sanguineas
410 1712 488 1777 belli
511 1710 638 1775 rettulit
660 1711 747 1775 unda
768 1715 864 1776 notas
1122 1731 1156 1779 10

143 1797 1005 1954 Atttttffitltsstttttfflphffi

143 2061 317 2148 Inmensis,
341 2061 493 2150 Stilicho,
516 2063 687 2129 succedent
711 2064 778 2130 otia
800 2065 886 2130 curis

188 2151 233 2215 Et
255 2154 386 2215 nostrae
407 2153 534 2236 patiens
557 2152 654 2217 corde
676 2153 805 2218 remitte
827 2154 926 2239 lyrae,

35 2253 38 2258 '
143 2239 212 2306 Nec
233 2239 352 2323 pudeat
375 2241 492 2328 longos
514 2241 725 2324 interrupisse
747 2242 876 2307 labores
1125 2259 1156 2308 15

187 2328 233 2398 Et
256 2332 385 2393 tenuem
407 2329 510 2394 Musis
534 2328 740 2394 constituisse
762 2352 896 2402 moram,

143 2417 259 2481 Fertur
282 2421 314 2482 et
336 2417 513 2482 indomitus
536 2417 666 2482 tundem
688 2422 764 2502 post
786 2419 910 2503 proelia
932 2417 1063 2484 Mavors

187 2505 289 2570 Lassa
310 2528 368 2589 per
391 2504 545 2590 Odrysias
568 2505 701 2570 fundere
723 2508 869 2572 membra
889 2506 980 2572 nives

144 2591 337 2676 Oblitusque
361 2593 411 2658 sui
433 2593 541 2678 posite
563 2594 751 2659 clementior
772 2595 868 2660 hasta

186 2680 302 2744 Pieriis
325 2704 417 2747 aures
439 2681 608 2766 pacificare
630 2683 743 2754 modis,

215 2913 231 2960 2
250 2906 408 2980 promissis]
429 2909 556 2979 Bc‘rtius3
574 2909 728 2979 permissis.

542 3180 754 3190 ——m—-A-
