<?xml version="1.0" encoding="UTF-8"?>
<!DOCTYPE html PUBLIC "-//W3C//DTD XHTML 1.0 Transitional//EN"
    "http://www.w3.org/TR/xhtml1/DTD/xhtml1-transitional.dtd">
<html xmlns="http://www.w3.org/1999/xhtml" xml:lang="en" lang="en">
 <head>
  <title>
</title>
<meta http-equiv="Content-Type" content="text/html;charset=utf-8" />
  <meta name='ocr-system' content='tesseract 3.04.00' />
  <meta name='ocr-capabilities' content='ocr_page ocr_carea ocr_par ocr_line ocrx_word'/>
</head>
<body>
  <div class='ocr_page' id='page_1' title='image "./claudiiclaudian03claugoog_0092.png"; bbox 0 0 2392 3870; ppageno 0'>
   <div class='ocr_carea' id='block_1_1' title="bbox 255 113 1071 196">
    <p class='ocr_par' dir='ltr' id='par_1_1' title="bbox 255 113 1071 196">
     <span class='ocr_line' id='line_1_1' title="bbox 255 113 1071 196; baseline 0.001 -28"><span class='ocrx_word' id='word_1_1' title='bbox 255 115 325 186; x_wconf 88' lang='lat' dir='ltr'>(III.)</span> <span class='ocrx_word' id='word_1_2' title='bbox 348 115 389 169; x_wconf 87' lang='lat' dir='ltr'>IN</span> <span class='ocrx_word' id='word_1_3' title='bbox 407 114 579 196; x_wconf 80' lang='lat' dir='ltr'><strong>RVFINVM</strong></span> <span class='ocrx_word' id='word_1_4' title='bbox 597 113 706 168; x_wconf 79' lang='lat' dir='ltr'>LIBER</span> <span class='ocrx_word' id='word_1_5' title='bbox 724 113 868 170; x_wconf 83' lang='lat' dir='ltr'><strong>PRIMVS.</strong></span> <span class='ocrx_word' id='word_1_6' title='bbox 1031 113 1071 178; x_wconf 76' lang='lat'>21</span> 
     </span>
    </p>
   </div>
   <div class='ocr_carea' id='block_1_2' title="bbox 54 276 1074 2484">
    <p class='ocr_par' dir='ltr' id='par_1_2' title="bbox 57 276 990 362">
     <span class='ocr_line' id='line_1_2' title="bbox 57 276 990 362; baseline -0.003 -19"><span class='ocrx_word' id='word_1_7' title='bbox 57 279 128 343; x_wconf 79' lang='lat' dir='ltr'>‘En</span> <span class='ocrx_word' id='word_1_8' title='bbox 150 277 213 343; x_wconf 92' lang='lat' dir='ltr'>tibi</span> <span class='ocrx_word' id='word_1_9' title='bbox 235 276 341 362; x_wconf 91' lang='lat' dir='ltr'>prisca</span> <span class='ocrx_word' id='word_1_10' title='bbox 364 276 454 360; x_wconf 89' lang='lat' dir='ltr'>quies</span> <span class='ocrx_word' id='word_1_11' title='bbox 478 280 695 361; x_wconf 87' lang='lat' dir='ltr'>renovataque</span> <span class='ocrx_word' id='word_1_12' title='bbox 719 276 846 341; x_wconf 90' lang='lat' dir='ltr'>saecula</span> <span class='ocrx_word' id='word_1_13' title='bbox 868 298 990 362; x_wconf 89' lang='lat' dir='ltr'>rursus,</span> 
     </span>
    </p>

    <p class='ocr_par' dir='ltr' id='par_1_3' title="bbox 56 365 897 451">
     <span class='ocr_line' id='line_1_3' title="bbox 56 365 897 451; baseline -0.002 -21"><span class='ocrx_word' id='word_1_14' title='bbox 56 366 105 430; x_wconf 90' lang='lat' dir='ltr'>Vt</span> <span class='ocrx_word' id='word_1_15' title='bbox 127 367 254 451; x_wconf 80' lang='lat' dir='ltr'>rebare,</span> <span class='ocrx_word' id='word_1_16' title='bbox 276 365 410 451; x_wconf 79' lang='lat' dir='ltr'>vigent?</span> <span class='ocrx_word' id='word_1_17' title='bbox 434 387 474 429; x_wconf 91' lang='lat' dir='ltr'>en</span> <span class='ocrx_word' id='word_1_18' title='bbox 495 369 609 430; x_wconf 88' lang='lat' dir='ltr'>nostra</span> <span class='ocrx_word' id='word_1_19' title='bbox 631 365 777 449; x_wconf 86' lang='lat' dir='ltr'>potentia</span> <span class='ocrx_word' id='word_1_20' title='bbox 801 365 897 428; x_wconf 88' lang='lat' dir='ltr'>cessit</span> 
     </span>
    </p>

    <p class='ocr_par' dir='ltr' id='par_1_4' title="bbox 56 453 1006 537">
     <span class='ocr_line' id='line_1_4' title="bbox 56 453 1006 537; baseline -0.002 -18"><span class='ocrx_word' id='word_1_21' title='bbox 56 455 128 520; x_wconf 91' lang='lat' dir='ltr'>Nec</span> <span class='ocrx_word' id='word_1_22' title='bbox 149 456 241 519; x_wconf 91' lang='lat' dir='ltr'>locus</span> <span class='ocrx_word' id='word_1_23' title='bbox 264 456 314 517; x_wconf 92' lang='lat' dir='ltr'>est</span> <span class='ocrx_word' id='word_1_24' title='bbox 336 475 474 537; x_wconf 83' lang='lat' dir='ltr'><strong>usquam</strong></span> <span class='ocrx_word' id='word_1_25' title='bbox 496 453 628 517; x_wconf 69' lang='lat' dir='ltr'>Funis?</span> <span class='ocrx_word' id='word_1_26' title='bbox 664 453 738 517; x_wconf 92' lang='lat' dir='ltr'>Huc</span> <span class='ocrx_word' id='word_1_27' title='bbox 760 453 883 517; x_wconf 91' lang='lat' dir='ltr'>lumina</span> <span class='ocrx_word' id='word_1_28' title='bbox 906 455 1006 517; x_wconf 89' lang='lat' dir='ltr'>flecte.</span> 
     </span>
    </p>

    <p class='ocr_par' dir='ltr' id='par_1_5' title="bbox 56 541 1074 628">
     <span class='ocr_line' id='line_1_5' title="bbox 56 541 1074 628; baseline -0.001 -21"><span class='ocrx_word' id='word_1_29' title='bbox 56 542 198 627; x_wconf 80' lang='lat' dir='ltr'><strong>Adspice</strong></span> <span class='ocrx_word' id='word_1_30' title='bbox 221 541 399 606; x_wconf 79' lang='lat' dir='ltr'>barbaricis</span> <span class='ocrx_word' id='word_1_31' title='bbox 422 541 547 606; x_wconf 89' lang='lat' dir='ltr'>iaceant</span> <span class='ocrx_word' id='word_1_32' title='bbox 571 546 651 626; x_wconf 87' lang='lat' dir='ltr'>quot</span> <span class='ocrx_word' id='word_1_33' title='bbox 674 541 801 606; x_wconf 84' lang='lat' dir='ltr'>moenia</span> <span class='ocrx_word' id='word_1_34' title='bbox 823 541 971 628; x_wconf 85' lang='lat' dir='ltr'>flammis,</span> <span class='ocrx_word' id='word_1_35' title='bbox 1022 559 1074 608; x_wconf 86' lang='grc'>300</span> 
     </span>
    </p>

    <p class='ocr_par' dir='ltr' id='par_1_6' title="bbox 57 629 950 716">
     <span class='ocr_line' id='line_1_6' title="bbox 57 629 950 716; baseline -0.001 -21"><span class='ocrx_word' id='word_1_36' title='bbox 57 631 146 707; x_wconf 82' lang='lat' dir='ltr'>Quas</span> <span class='ocrx_word' id='word_1_37' title='bbox 167 629 249 695; x_wconf 88' lang='lat' dir='ltr'>mihi</span> <span class='ocrx_word' id='word_1_38' title='bbox 271 630 409 694; x_wconf 85' lang='lat' dir='ltr'>Rufinus</span> <span class='ocrx_word' id='word_1_39' title='bbox 433 634 558 716; x_wconf 88' lang='lat' dir='ltr'>strages</span> <span class='ocrx_word' id='word_1_40' title='bbox 582 634 802 714; x_wconf 87' lang='lat' dir='ltr'>quantumque</span> <span class='ocrx_word' id='word_1_41' title='bbox 827 631 950 694; x_wconf 90' lang='lat' dir='ltr'>cruoris</span> 
     </span>
    </p>

    <p class='ocr_par' dir='ltr' id='par_1_7' title="bbox 55 718 918 802">
     <span class='ocr_line' id='line_1_7' title="bbox 55 718 918 802; baseline -0.001 -19"><span class='ocrx_word' id='word_1_42' title='bbox 55 720 215 784; x_wconf 78' lang='lat' dir='ltr'>Praebeat</span> <span class='ocrx_word' id='word_1_43' title='bbox 239 723 271 782; x_wconf 91' lang='lat' dir='ltr'>et</span> <span class='ocrx_word' id='word_1_44' title='bbox 295 719 424 802; x_wconf 89' lang='lat' dir='ltr'>quantis</span> <span class='ocrx_word' id='word_1_45' title='bbox 448 718 619 802; x_wconf 91' lang='lat' dir='ltr'>epulentur</span> <span class='ocrx_word' id='word_1_46' title='bbox 642 719 792 782; x_wconf 87' lang='lat' dir='ltr'>caedibus</span> <span class='ocrx_word' id='word_1_47' title='bbox 815 719 918 802; x_wconf 86' lang='lat' dir='ltr'>hydri.</span> 
     </span>
    </p>

    <p class='ocr_par' dir='ltr' id='par_1_8' title="bbox 55 806 1048 893">
     <span class='ocr_line' id='line_1_8' title="bbox 55 806 1048 893; baseline 0 -21"><span class='ocrx_word' id='word_1_48' title='bbox 55 809 182 892; x_wconf 87' lang='lat' dir='ltr'>Linque</span> <span class='ocrx_word' id='word_1_49' title='bbox 205 806 352 882; x_wconf 87' lang='lat' dir='ltr'>homines</span> <span class='ocrx_word' id='word_1_50' title='bbox 376 811 560 890; x_wconf 81' lang='lat' dir='ltr'>sortemque</span> <span class='ocrx_word' id='word_1_51' title='bbox 583 828 700 892; x_wconf 88' lang='lat' dir='ltr'>mecm,</span> <span class='ocrx_word' id='word_1_52' title='bbox 722 811 796 891; x_wconf 92' lang='lat' dir='ltr'>pete</span> <span class='ocrx_word' id='word_1_53' title='bbox 819 807 936 893; x_wconf 69' lang='lat' dir='ltr'>sidera,</span> <span class='ocrx_word' id='word_1_54' title='bbox 959 806 1048 872; x_wconf 88' lang='lat' dir='ltr'>notis</span> 
     </span>
    </p>

    <p class='ocr_par' dir='ltr' id='par_1_9' title="bbox 55 895 986 982">
     <span class='ocr_line' id='line_1_9' title="bbox 55 895 986 982; baseline 0 -22"><span class='ocrx_word' id='word_1_55' title='bbox 55 895 217 961; x_wconf 81' lang='lat' dir='ltr'>Autumni</span> <span class='ocrx_word' id='word_1_56' title='bbox 239 900 272 960; x_wconf 89' lang='lat' dir='ltr'>te</span> <span class='ocrx_word' id='word_1_57' title='bbox 295 895 390 959; x_wconf 91' lang='lat' dir='ltr'>redde</span> <span class='ocrx_word' id='word_1_58' title='bbox 412 895 532 982; x_wconf 89' lang='lat' dir='ltr'>plagis,</span> <span class='ocrx_word' id='word_1_59' title='bbox 556 918 620 978; x_wconf 95' lang='lat' dir='ltr'>qua</span> <span class='ocrx_word' id='word_1_60' title='bbox 642 896 748 981; x_wconf 85' lang='lat' dir='ltr'>vergit</span> <span class='ocrx_word' id='word_1_61' title='bbox 770 896 806 959; x_wconf 91' lang='lat' dir='ltr'>in</span> <span class='ocrx_word' id='word_1_62' title='bbox 827 895 986 961; x_wconf 78' lang='lat' dir='ltr'>Austrum</span> 
     </span>
    </p>

    <p class='ocr_par' dir='ltr' id='par_1_10' title="bbox 57 983 1073 1071">
     <span class='ocr_line' id='line_1_10' title="bbox 57 983 1073 1071; baseline 0.001 -22"><span class='ocrx_word' id='word_1_63' title='bbox 57 983 214 1071; x_wconf 73' lang='lat' dir='ltr'>Signifer,</span> <span class='ocrx_word' id='word_1_64' title='bbox 238 983 360 1048; x_wconf 87' lang='lat' dir='ltr'>aestivo</span> <span class='ocrx_word' id='word_1_65' title='bbox 385 983 475 1047; x_wconf 88' lang='lat' dir='ltr'>sedes</span> <span class='ocrx_word' id='word_1_66' title='bbox 498 983 604 1048; x_wconf 88' lang='lat' dir='ltr'>vicina</span> <span class='ocrx_word' id='word_1_67' title='bbox 625 983 727 1048; x_wconf 88' lang='lat' dir='ltr'>Leoni</span> <span class='ocrx_word' id='word_1_68' title='bbox 1020 1000 1073 1050; x_wconf 83' lang='grc'>300</span> 
     </span>
    </p>

    <p class='ocr_par' dir='ltr' id='par_1_11' title="bbox 55 1072 932 1158">
     <span class='ocr_line' id='line_1_11' title="bbox 55 1072 932 1158; baseline 0.001 -22"><span class='ocrx_word' id='word_1_69' title='bbox 55 1072 127 1136; x_wconf 89' lang='lat' dir='ltr'>Iam</span> <span class='ocrx_word' id='word_1_70' title='bbox 149 1072 274 1158; x_wconf 89' lang='lat' dir='ltr'>pridem</span> <span class='ocrx_word' id='word_1_71' title='bbox 296 1072 485 1158; x_wconf 88' lang='lat' dir='ltr'>gelidaeque</span> <span class='ocrx_word' id='word_1_72' title='bbox 507 1076 623 1137; x_wconf 87' lang='lat' dir='ltr'>vacant</span> <span class='ocrx_word' id='word_1_73' title='bbox 646 1072 786 1137; x_wconf 91' lang='lat' dir='ltr'>confinia</span> <span class='ocrx_word' id='word_1_74' title='bbox 807 1072 932 1137; x_wconf 87' lang='lat' dir='ltr'>Librae.</span> 
     </span>
    </p>

    <p class='ocr_par' dir='ltr' id='par_1_12' title="bbox 55 1160 999 1314">
     <span class='ocr_line' id='line_1_12' title="bbox 55 1160 977 1247; baseline 0 -22"><span class='ocrx_word' id='word_1_75' title='bbox 55 1160 166 1245; x_wconf 89' lang='lat' dir='ltr'>Atque</span> <span class='ocrx_word' id='word_1_76' title='bbox 189 1160 315 1225; x_wconf 87' lang='lat' dir='ltr'>utinam</span> <span class='ocrx_word' id='word_1_77' title='bbox 337 1182 395 1245; x_wconf 91' lang='lat' dir='ltr'>per</span> <span class='ocrx_word' id='word_1_78' title='bbox 417 1182 535 1247; x_wconf 87' lang='lat' dir='ltr'>magna</span> <span class='ocrx_word' id='word_1_79' title='bbox 558 1161 649 1245; x_wconf 87' lang='lat' dir='ltr'>sequi</span> <span class='ocrx_word' id='word_1_80' title='bbox 673 1183 815 1226; x_wconf 85' lang='lat' dir='ltr'>convexa</span> <span class='ocrx_word' id='word_1_81' title='bbox 837 1161 977 1225; x_wconf 86' lang='lat' dir='ltr'>liceretl&#39;</span> 
     </span>
     <span class='ocr_line' id='line_1_13' title="bbox 123 1248 999 1314; baseline 0.002 -2"><span class='ocrx_word' id='word_1_82' title='bbox 123 1249 208 1314; x_wconf 87' lang='lat' dir='ltr'>Diva</span> <span class='ocrx_word' id='word_1_83' title='bbox 230 1250 342 1313; x_wconf 86' lang='lat' dir='ltr'>refert:</span> <span class='ocrx_word' id='word_1_84' title='bbox 365 1248 459 1314; x_wconf 78' lang='lat' dir='ltr'>‘Non</span> <span class='ocrx_word' id='word_1_85' title='bbox 480 1249 616 1313; x_wconf 86' lang='lat' dir='ltr'>ulterius</span> <span class='ocrx_word' id='word_1_86' title='bbox 640 1250 837 1313; x_wconf 80' lang='lat' dir='ltr'>bacchabere</span> <span class='ocrx_word' id='word_1_87' title='bbox 862 1249 999 1314; x_wconf 77' lang='lat' dir='ltr'>demens</span> 
     </span>
    </p>

    <p class='ocr_par' dir='ltr' id='par_1_13' title="bbox 54 1337 932 1423">
     <span class='ocr_line' id='line_1_14' title="bbox 54 1337 932 1423; baseline 0.001 -22"><span class='ocrx_word' id='word_1_88' title='bbox 54 1337 127 1401; x_wconf 86' lang='lat' dir='ltr'>Iam</span> <span class='ocrx_word' id='word_1_89' title='bbox 149 1359 270 1421; x_wconf 90' lang='lat' dir='ltr'>poenas</span> <span class='ocrx_word' id='word_1_90' title='bbox 293 1340 369 1401; x_wconf 89' lang='lat' dir='ltr'>tuus</span> <span class='ocrx_word' id='word_1_91' title='bbox 392 1338 454 1401; x_wconf 89' lang='lat' dir='ltr'>iste</span> <span class='ocrx_word' id='word_1_92' title='bbox 478 1338 581 1423; x_wconf 87' lang='lat' dir='ltr'>dabit,</span> <span class='ocrx_word' id='word_1_93' title='bbox 603 1338 668 1402; x_wconf 93' lang='lat' dir='ltr'>iam</span> <span class='ocrx_word' id='word_1_94' title='bbox 692 1337 819 1402; x_wconf 85' lang='lat' dir='ltr'>debitus</span> <span class='ocrx_word' id='word_1_95' title='bbox 843 1337 932 1402; x_wconf 89' lang='lat' dir='ltr'>ultor</span> 
     </span>
    </p>

    <p class='ocr_par' dir='ltr' id='par_1_14' title="bbox 54 1425 1074 1512">
     <span class='ocr_line' id='line_1_15' title="bbox 54 1425 1074 1512; baseline 0.002 -22"><span class='ocrx_word' id='word_1_96' title='bbox 54 1425 211 1512; x_wconf 84' lang='lat' dir='ltr'>Inminet,</span> <span class='ocrx_word' id='word_1_97' title='bbox 235 1430 280 1511; x_wconf 91' lang='lat' dir='ltr'>et,</span> <span class='ocrx_word' id='word_1_98' title='bbox 302 1430 406 1490; x_wconf 87' lang='lat' dir='ltr'>terras</span> <span class='ocrx_word' id='word_1_99' title='bbox 429 1426 485 1510; x_wconf 88' lang='lat' dir='ltr'>qui</span> <span class='ocrx_word' id='word_1_100' title='bbox 507 1448 594 1491; x_wconf 90' lang='lat' dir='ltr'>nunc</span> <span class='ocrx_word' id='word_1_101' title='bbox 615 1425 786 1509; x_wconf 87' lang='lat' dir='ltr'>ipsumque</span> <span class='ocrx_word' id='word_1_102' title='bbox 809 1425 927 1511; x_wconf 85' lang='lat' dir='ltr'>fatigat</span> <span class='ocrx_word' id='word_1_103' title='bbox 1021 1443 1074 1492; x_wconf 82' lang='grc'>370</span> 
     </span>
    </p>

    <p class='ocr_par' dir='ltr' id='par_1_15' title="bbox 55 1513 873 1600">
     <span class='ocr_line' id='line_1_16' title="bbox 55 1513 873 1600; baseline 0 -22"><span class='ocrx_word' id='word_1_104' title='bbox 55 1513 212 1600; x_wconf 87' lang='lat' dir='ltr'>Aethera,</span> <span class='ocrx_word' id='word_1_105' title='bbox 234 1536 302 1578; x_wconf 90' lang='lat' dir='ltr'>non</span> <span class='ocrx_word' id='word_1_106' title='bbox 323 1513 381 1578; x_wconf 81' lang='lat' dir='ltr'>vili</span> <span class='ocrx_word' id='word_1_107' title='bbox 403 1515 544 1579; x_wconf 91' lang='lat' dir='ltr'>moriens</span> <span class='ocrx_word' id='word_1_108' title='bbox 568 1514 723 1578; x_wconf 90' lang='lat' dir='ltr'>condetur</span> <span class='ocrx_word' id='word_1_109' title='bbox 745 1514 873 1580; x_wconf 90' lang='lat' dir='ltr'>harena.</span> 
     </span>
    </p>

    <p class='ocr_par' dir='ltr' id='par_1_16' title="bbox 54 1601 914 1687">
     <span class='ocr_line' id='line_1_17' title="bbox 54 1601 914 1687; baseline 0 -21"><span class='ocrx_word' id='word_1_110' title='bbox 54 1601 190 1686; x_wconf 89' lang='lat' dir='ltr'>Iamque</span> <span class='ocrx_word' id='word_1_111' title='bbox 213 1602 315 1667; x_wconf 89' lang='lat' dir='ltr'>aderit</span> <span class='ocrx_word' id='word_1_112' title='bbox 337 1603 423 1667; x_wconf 87' lang='lat' dir='ltr'>laeto</span> <span class='ocrx_word' id='word_1_113' title='bbox 445 1603 624 1687; x_wconf 89' lang='lat' dir='ltr'>promissus</span> <span class='ocrx_word' id='word_1_114' title='bbox 647 1602 813 1667; x_wconf 90' lang='lat' dir='ltr'>Honorius</span> <span class='ocrx_word' id='word_1_115' title='bbox 836 1624 914 1667; x_wconf 84' lang='lat' dir='ltr'>aevo</span> 
     </span>
    </p>

    <p class='ocr_par' dir='ltr' id='par_1_17' title="bbox 55 1691 896 1777">
     <span class='ocr_line' id='line_1_18' title="bbox 55 1691 896 1777; baseline 0.001 -23"><span class='ocrx_word' id='word_1_116' title='bbox 55 1691 127 1755; x_wconf 90' lang='lat' dir='ltr'>Nec</span> <span class='ocrx_word' id='word_1_117' title='bbox 150 1691 228 1755; x_wconf 83' lang='lat' dir='ltr'>forti</span> <span class='ocrx_word' id='word_1_118' title='bbox 251 1691 397 1777; x_wconf 88' lang='lat' dir='ltr'>genitore</span> <span class='ocrx_word' id='word_1_119' title='bbox 420 1691 527 1756; x_wconf 88' lang='lat' dir='ltr'>minor</span> <span class='ocrx_word' id='word_1_120' title='bbox 547 1712 607 1755; x_wconf 86' lang='lat' dir='ltr'>nec</span> <span class='ocrx_word' id='word_1_121' title='bbox 629 1692 730 1755; x_wconf 87' lang='lat' dir='ltr'>fratre</span> <span class='ocrx_word' id='word_1_122' title='bbox 753 1713 896 1776; x_wconf 90' lang='lat' dir='ltr'>corusco,</span> 
     </span>
    </p>

    <p class='ocr_par' dir='ltr' id='par_1_18' title="bbox 58 1778 953 1865">
     <span class='ocr_line' id='line_1_19' title="bbox 58 1778 953 1865; baseline 0.002 -23"><span class='ocrx_word' id='word_1_123' title='bbox 58 1779 122 1855; x_wconf 83' lang='lat' dir='ltr'>Qui</span> <span class='ocrx_word' id='word_1_124' title='bbox 146 1779 275 1865; x_wconf 84' lang='lat' dir='ltr'>subiget</span> <span class='ocrx_word' id='word_1_125' title='bbox 297 1779 419 1865; x_wconf 88' lang='lat' dir='ltr'>Medos,</span> <span class='ocrx_word' id='word_1_126' title='bbox 447 1780 503 1863; x_wconf 92' lang='lat' dir='ltr'>qui</span> <span class='ocrx_word' id='word_1_127' title='bbox 527 1779 657 1863; x_wconf 90' lang='lat' dir='ltr'>cuspide</span> <span class='ocrx_word' id='word_1_128' title='bbox 680 1784 823 1863; x_wconf 87' lang='lat' dir='ltr'>proteret</span> <span class='ocrx_word' id='word_1_129' title='bbox 846 1778 953 1845; x_wconf 88' lang='lat' dir='ltr'>Indos.</span> 
     </span>
    </p>

    <p class='ocr_par' dir='ltr' id='par_1_19' title="bbox 57 1867 1071 1954">
     <span class='ocr_line' id='line_1_20' title="bbox 57 1867 1071 1954; baseline 0.004 -23"><span class='ocrx_word' id='word_1_130' title='bbox 57 1867 127 1931; x_wconf 86' lang='lat' dir='ltr'>Sub</span> <span class='ocrx_word' id='word_1_131' title='bbox 150 1867 227 1954; x_wconf 89' lang='lat' dir='ltr'>iuga</span> <span class='ocrx_word' id='word_1_132' title='bbox 249 1868 376 1932; x_wconf 87' lang='lat' dir='ltr'>venturi</span> <span class='ocrx_word' id='word_1_133' title='bbox 399 1890 504 1954; x_wconf 82' lang='lat' dir='ltr'>reges3</span> <span class='ocrx_word' id='word_1_134' title='bbox 528 1869 706 1932; x_wconf 90' lang='lat' dir='ltr'>calcabitur</span> <span class='ocrx_word' id='word_1_135' title='bbox 729 1890 823 1952; x_wconf 89' lang='lat' dir='ltr'>asper</span> <span class='ocrx_word' id='word_1_136' title='bbox 1020 1887 1071 1936; x_wconf 79' lang='grc'>373</span> 
     </span>
    </p>

    <p class='ocr_par' dir='ltr' id='par_1_20' title="bbox 55 1955 904 2043">
     <span class='ocr_line' id='line_1_21' title="bbox 55 1955 904 2043; baseline 0.002 -25"><span class='ocrx_word' id='word_1_137' title='bbox 55 1955 174 2019; x_wconf 88' lang='lat' dir='ltr'>Phasis</span> <span class='ocrx_word' id='word_1_138' title='bbox 199 1977 280 2040; x_wconf 90' lang='lat' dir='ltr'>equo</span> <span class='ocrx_word' id='word_1_139' title='bbox 303 1961 499 2040; x_wconf 92' lang='lat' dir='ltr'>pontemque</span> <span class='ocrx_word' id='word_1_140' title='bbox 521 1957 591 2040; x_wconf 90' lang='lat' dir='ltr'>pati</span> <span class='ocrx_word' id='word_1_141' title='bbox 615 1961 749 2043; x_wconf 84' lang='lat' dir='ltr'>cogetur</span> <span class='ocrx_word' id='word_1_142' title='bbox 771 1956 904 2043; x_wconf 84' lang='lat' dir='ltr'>Araxes,</span> 
     </span>
    </p>

    <p class='ocr_par' dir='ltr' id='par_1_21' title="bbox 55 2043 872 2132">
     <span class='ocr_line' id='line_1_22' title="bbox 55 2043 872 2132; baseline 0.004 -25"><span class='ocrx_word' id='word_1_143' title='bbox 55 2044 171 2127; x_wconf 85' lang='lat' dir='ltr'>Tuque</span> <span class='ocrx_word' id='word_1_144' title='bbox 195 2043 291 2108; x_wconf 87' lang='lat' dir='ltr'>simul</span> <span class='ocrx_word' id='word_1_145' title='bbox 313 2045 467 2131; x_wconf 84' lang='lat' dir='ltr'>gravibus</span> <span class='ocrx_word' id='word_1_146' title='bbox 490 2045 568 2109; x_wconf 85' lang='lat' dir='ltr'>ferri</span> <span class='ocrx_word' id='word_1_147' title='bbox 591 2046 728 2132; x_wconf 85' lang='lat' dir='ltr'>religata</span> <span class='ocrx_word' id='word_1_148' title='bbox 751 2046 872 2110; x_wconf 90' lang='lat' dir='ltr'>catenis</span> 
     </span>
    </p>

    <p class='ocr_par' dir='ltr' id='par_1_22' title="bbox 54 2132 765 2218">
     <span class='ocr_line' id='line_1_23' title="bbox 54 2132 765 2218; baseline 0.003 -22"><span class='ocrx_word' id='word_1_149' title='bbox 54 2132 230 2216; x_wconf 83' lang='lat' dir='ltr'>Expellere</span> <span class='ocrx_word' id='word_1_150' title='bbox 253 2132 303 2196; x_wconf 90' lang='lat' dir='ltr'>die</span> <span class='ocrx_word' id='word_1_151' title='bbox 327 2133 567 2218; x_wconf 86' lang='lat' dir='ltr'>debellatasque</span> <span class='ocrx_word' id='word_1_152' title='bbox 591 2134 765 2198; x_wconf 89' lang='lat' dir='ltr'>draconum</span> 
     </span>
    </p>

    <p class='ocr_par' dir='ltr' id='par_1_23' title="bbox 56 2220 884 2287">
     <span class='ocr_line' id='line_1_24' title="bbox 56 2220 884 2287; baseline 0.004 -3"><span class='ocrx_word' id='word_1_153' title='bbox 56 2220 167 2285; x_wconf 84' lang='lat' dir='ltr'>Tonsa</span> <span class='ocrx_word' id='word_1_154' title='bbox 190 2242 298 2285; x_wconf 91' lang='lat' dir='ltr'>comas</span> <span class='ocrx_word' id='word_1_155' title='bbox 320 2222 386 2286; x_wconf 91' lang='lat' dir='ltr'>imo</span> <span class='ocrx_word' id='word_1_156' title='bbox 409 2222 556 2286; x_wconf 88' lang='lat' dir='ltr'>barathri</span> <span class='ocrx_word' id='word_1_157' title='bbox 580 2222 726 2287; x_wconf 89' lang='lat' dir='ltr'>claudere</span> <span class='ocrx_word' id='word_1_158' title='bbox 748 2244 884 2287; x_wconf 91' lang='lat' dir='ltr'>recessu.</span> 
     </span>
    </p>

    <p class='ocr_par' dir='ltr' id='par_1_24' title="bbox 56 2308 1072 2396">
     <span class='ocr_line' id='line_1_25' title="bbox 56 2308 1072 2396; baseline 0.004 -25"><span class='ocrx_word' id='word_1_159' title='bbox 56 2308 141 2372; x_wconf 83' lang='lat' dir='ltr'>Tum</span> <span class='ocrx_word' id='word_1_160' title='bbox 164 2309 262 2373; x_wconf 87' lang='lat' dir='ltr'>tellus</span> <span class='ocrx_word' id='word_1_161' title='bbox 285 2310 464 2374; x_wconf 90' lang='lat' dir='ltr'>communis</span> <span class='ocrx_word' id='word_1_162' title='bbox 487 2310 562 2396; x_wconf 90' lang='lat' dir='ltr'>erit,</span> <span class='ocrx_word' id='word_1_163' title='bbox 584 2314 655 2375; x_wconf 89' lang='lat' dir='ltr'>turn</span> <span class='ocrx_word' id='word_1_164' title='bbox 678 2311 781 2375; x_wconf 91' lang='lat' dir='ltr'>limite</span> <span class='ocrx_word' id='word_1_165' title='bbox 803 2311 895 2375; x_wconf 81' lang='lat' dir='ltr'>nullo</span> <span class='ocrx_word' id='word_1_166' title='bbox 1020 2328 1072 2377; x_wconf 84' lang='grc'>330</span> 
     </span>
    </p>

    <p class='ocr_par' dir='ltr' id='par_1_25' title="bbox 56 2397 891 2484">
     <span class='ocr_line' id='line_1_26' title="bbox 56 2397 891 2484; baseline 0.001 -24"><span class='ocrx_word' id='word_1_167' title='bbox 56 2397 268 2461; x_wconf 90' lang='lat' dir='ltr'>Discernetur</span> <span class='ocrx_word' id='word_1_168' title='bbox 291 2420 380 2484; x_wconf 81' lang='lat' dir='ltr'>ager3</span> <span class='ocrx_word' id='word_1_169' title='bbox 402 2420 462 2462; x_wconf 91' lang='lat' dir='ltr'>nec</span> <span class='ocrx_word' id='word_1_170' title='bbox 484 2420 612 2463; x_wconf 87' lang='lat' dir='ltr'>vomere</span> <span class='ocrx_word' id='word_1_171' title='bbox 636 2400 744 2462; x_wconf 91' lang='lat' dir='ltr'>sulcus</span> <span class='ocrx_word' id='word_1_172' title='bbox 768 2398 891 2462; x_wconf 92' lang='lat' dir='ltr'>adunco</span> 
     </span>
    </p>
   </div>
   <div class='ocr_carea' id='block_1_3' title="bbox 55 2484 1073 3015">
    <p class='ocr_par' dir='ltr' id='par_1_26' title="bbox 56 2484 833 2574">
     <span class='ocr_line' id='line_1_27' title="bbox 56 2484 833 2574; baseline 0 -25"><span class='ocrx_word' id='word_1_173' title='bbox 56 2484 228 2550; x_wconf 82' lang='lat' dir='ltr'>Findetur:</span> <span class='ocrx_word' id='word_1_174' title='bbox 252 2486 370 2550; x_wconf 89' lang='lat' dir='ltr'>subitis</span> <span class='ocrx_word' id='word_1_175' title='bbox 393 2509 516 2552; x_wconf 91' lang='lat' dir='ltr'>messor</span> <span class='ocrx_word' id='word_1_176' title='bbox 538 2487 692 2574; x_wconf 88' lang='lat' dir='ltr'>gaudebit</span> <span class='ocrx_word' id='word_1_177' title='bbox 716 2486 833 2551; x_wconf 88' lang='lat' dir='ltr'>aristis.</span> 
     </span>
    </p>

    <p class='ocr_par' dir='ltr' id='par_1_27' title="bbox 55 2573 874 2662">
     <span class='ocr_line' id='line_1_28' title="bbox 55 2573 874 2662; baseline -0.001 -24"><span class='ocrx_word' id='word_1_178' title='bbox 55 2573 229 2638; x_wconf 87' lang='lat' dir='ltr'>Rorabunt</span> <span class='ocrx_word' id='word_1_179' title='bbox 253 2580 403 2658; x_wconf 88' lang='lat' dir='ltr'>querceta</span> <span class='ocrx_word' id='word_1_180' title='bbox 424 2576 521 2661; x_wconf 71' lang='lat' dir='ltr'>favis,</span> <span class='ocrx_word' id='word_1_181' title='bbox 545 2575 730 2662; x_wconf 81' lang='lat' dir='ltr'>stagnantia</span> <span class='ocrx_word' id='word_1_182' title='bbox 752 2574 874 2658; x_wconf 89' lang='lat' dir='ltr'>passim</span> 
     </span>
    </p>

    <p class='ocr_par' dir='ltr' id='par_1_28' title="bbox 55 2661 1073 3015">
     <span class='ocr_line' id='line_1_29' title="bbox 55 2661 900 2749; baseline -0.001 -23"><span class='ocrx_word' id='word_1_183' title='bbox 55 2661 144 2727; x_wconf 86' lang='lat' dir='ltr'>Vina</span> <span class='ocrx_word' id='word_1_184' title='bbox 166 2663 269 2726; x_wconf 88' lang='lat' dir='ltr'>fluent</span> <span class='ocrx_word' id='word_1_185' title='bbox 292 2663 418 2747; x_wconf 91' lang='lat' dir='ltr'>oleique</span> <span class='ocrx_word' id='word_1_186' title='bbox 440 2665 542 2749; x_wconf 69' lang='lat' dir='ltr'>lacus,</span> <span class='ocrx_word' id='word_1_187' title='bbox 564 2685 624 2728; x_wconf 90' lang='lat' dir='ltr'>nec</span> <span class='ocrx_word' id='word_1_188' title='bbox 646 2663 767 2727; x_wconf 91' lang='lat' dir='ltr'>murice</span> <span class='ocrx_word' id='word_1_189' title='bbox 789 2662 900 2727; x_wconf 88' lang='lat' dir='ltr'>tinctis</span> 
     </span>
     <span class='ocr_line' id='line_1_30' title="bbox 56 2749 1073 2837; baseline 0.002 -23"><span class='ocrx_word' id='word_1_190' title='bbox 56 2749 243 2815; x_wconf 83' lang='lat' dir='ltr'>Velleribus</span> <span class='ocrx_word' id='word_1_191' title='bbox 268 2755 439 2835; x_wconf 90' lang='lat' dir='ltr'>quaeretur</span> <span class='ocrx_word' id='word_1_192' title='bbox 461 2752 579 2837; x_wconf 89' lang='lat' dir='ltr'>honos,</span> <span class='ocrx_word' id='word_1_193' title='bbox 604 2751 660 2816; x_wconf 90' lang='lat' dir='ltr'>sed</span> <span class='ocrx_word' id='word_1_194' title='bbox 683 2755 798 2834; x_wconf 90' lang='lat' dir='ltr'>sponte</span> <span class='ocrx_word' id='word_1_195' title='bbox 821 2751 984 2815; x_wconf 91' lang='lat' dir='ltr'>rubebunt</span> <span class='ocrx_word' id='word_1_196' title='bbox 1022 2768 1073 2816; x_wconf 81' lang='lat'>385</span> 
     </span>
     <span class='ocr_line' id='line_1_31' title="bbox 56 2838 955 2927; baseline 0 -25"><span class='ocrx_word' id='word_1_197' title='bbox 56 2838 211 2904; x_wconf 90' lang='lat' dir='ltr'>Attonito</span> <span class='ocrx_word' id='word_1_198' title='bbox 234 2843 365 2924; x_wconf 90' lang='lat' dir='ltr'>pastore</span> <span class='ocrx_word' id='word_1_199' title='bbox 387 2862 501 2927; x_wconf 88' lang='lat' dir='ltr'>greges</span> <span class='ocrx_word' id='word_1_200' title='bbox 524 2844 724 2925; x_wconf 90' lang='lat' dir='ltr'>pontumque</span> <span class='ocrx_word' id='word_1_201' title='bbox 747 2861 805 2922; x_wconf 92' lang='lat' dir='ltr'>per</span> <span class='ocrx_word' id='word_1_202' title='bbox 828 2862 955 2904; x_wconf 92' lang='lat' dir='ltr'>omnem</span> 
     </span>
     <span class='ocr_line' id='line_1_32' title="bbox 55 2927 892 3015; baseline 0.001 -23"><span class='ocrx_word' id='word_1_203' title='bbox 55 2927 223 2993; x_wconf 90' lang='lat' dir='ltr'>Ridebunt</span> <span class='ocrx_word' id='word_1_204' title='bbox 246 2928 364 2992; x_wconf 86' lang='lat' dir='ltr'>virides</span> <span class='ocrx_word' id='word_1_205' title='bbox 387 2929 522 3015; x_wconf 86' lang='lat' dir='ltr'>gemmis</span> <span class='ocrx_word' id='word_1_206' title='bbox 544 2927 752 2992; x_wconf 86' lang='lat' dir='ltr'>nascentibus</span> <span class='ocrx_word' id='word_1_207' title='bbox 775 2928 892 3013; x_wconf 86' lang='lat' dir='ltr'>algae&#39;.</span> 
     </span>
    </p>
   </div>
   <div class='ocr_carea' id='block_1_4' title="bbox 461 3215 675 3222">
    <p class='ocr_par' dir='ltr' id='par_1_29' title="bbox 461 3215 675 3222">
     <span class='ocr_line' id='line_1_33' title="bbox 461 3215 675 3222; baseline -0.005 0"><span class='ocrx_word' id='word_1_208' title='bbox 461 3215 675 3222; x_wconf 72' lang='lat'><strong>——-——-——--—-·-</strong></span> 
     </span>
    </p>
   </div>
   <div class='ocr_carea' id='block_1_5' title="bbox 0 0 1200 3870">
    <p class='ocr_par' dir='ltr' id='par_1_30' title="bbox 0 0 1200 3870">
     <span class='ocr_line' id='line_1_34' title="bbox 0 0 1200 3870; baseline 0 1"><span class='ocrx_word' id='word_1_209' title='bbox 0 0 1200 3870; x_wconf 95' lang='lat' dir='ltr'> </span> 
     </span>
    </p>
   </div>
  </div>
 </body>
</html>
