2392 3870
115 183 178 246 100
254 249 257 254 ,
435 181 581 238 CLAVDII
600 181 796 238 CLAVDIANI

106 345 195 409 Haec
217 345 314 409 modo
338 345 509 430 crescenti,
532 345 646 428 plenae
669 368 728 429 par
750 345 852 408 altera
874 345 983 408 lunae:

106 432 267 520 Adsurgit
290 455 348 497 ceu
371 434 455 497 forte
477 433 585 497 minor
608 433 668 497 sub
691 437 794 497 matre
817 433 936 497 virenti

107 522 233 586 Laurus
257 525 289 585 et
312 521 461 608 ingentes
485 544 591 586 ramos
616 521 758 605 olimque
783 521 910 586 futuras
1075 542 1130 590 245

107 610 277 674 Promittit
301 609 366 673 iam
388 632 488 694 parva
511 632 632 695 comas,
656 611 707 674 vel
730 611 809 674 flore
833 610 893 673 sub
917 632 981 673 uno

109 697 175 763 Ceu
197 699 345 785 geminae
367 698 527 762 Paestana
549 720 642 762 rosae
664 721 722 783 per
745 699 857 785 iugera
880 703 1029 784 regnant:

109 786 199 851 Haec
221 787 314 873 largo
337 792 465 851 matura
488 787 539 850 die
563 791 771 870 saturataque
794 787 902 850 vernis

107 874 251 939 Roribus
275 875 424 961 indulget
447 875 567 961 spatio,
590 876 670 939 latet
694 876 795 939 altera
817 875 902 939 nodo

107 963 177 1029 Nec
199 963 320 1028 teneris
345 963 441 1028 audet
465 963 554 1027 foliis
579 963 748 1028 admittere
772 965 864 1028 soles.
1074 983 1129 1031 2⁶0

174 1050 315 1116 Adstitit
339 1056 371 1116 et
394 1052 511 1116 blande
534 1051 671 1116 Mariam
696 1051 854 1135 Cytherea
878 1052 1012 1116 salutat:

108 1140 216 1205 ‘Salve
240 1141 382 1206 sidereae
405 1142 512 1225 proles
536 1145 675 1227 augusta
698 1139 848 1226 Serenae,

108 1229 302 1316 Magnorum
325 1229 456 1293 suboles
479 1251 592 1315 regum
615 1229 823 1312 parituraque
846 1251 946 1315 reges.

108 1318 153 1382 Te
176 1322 310 1403 propter
331 1317 473 1402 Paphias
497 1316 588 1381 sedes
613 1317 817 1401 Cyprumque
841 1318 972 1404 reliqui,

108 1406 153 1471 Te
175 1410 309 1491 propter
331 1406 430 1471 libuit
453 1409 564 1470 tantos
588 1406 715 1490 explere
737 1405 865 1470 labores
1074 1423 1128 1472 255

107 1496 152 1560 Et
174 1499 303 1560 tantum
326 1499 494 1559 transnare
518 1495 631 1579 maria,
654 1517 695 1558 ne
717 1494 815 1558 vilior
837 1495 924 1558 ultra

107 1583 258 1648 Privatos
281 1587 426 1668 paterere
449 1584 532 1647 lares
555 1605 619 1646 neu
641 1587 786 1666 tempore
809 1583 908 1668 longo

107 1672 237 1737 Dilatos
261 1672 386 1737 iuvenis
405 1671 545 1736 nutriret
568 1670 734 1736 Honorius
758 1671 859 1757 ignes.

108 1760 228 1844 Accipe
251 1761 416 1825 fortunam
439 1760 580 1846 generis,
604 1760 749 1823 diadema
772 1781 911 1845 resume,

109 1848 202 1924 Quod
224 1848 350 1912 tribuas
373 1848 475 1933 natis,
499 1851 530 1911 et
554 1848 589 1911 in
611 1847 690 1912 11111
711 1848 890 1932 penetralia
913 1869 1039 1932 rursuS,
1072 1865 1128 1914 260

108 1936 202 2001 Vnde
224 1958 340 2021 parens
363 1957 548 2022 progressa,
571 1936 648 2000 redi.
693 1935 758 2000 Fac
780 1936 871 2000 nulla
894 1937 1026 2000 subesse

109 2025 249 2090 Vincula
272 2029 441 2110 cognatae:
466 2024 612 2107 quamvis
636 2025 741 2089 aliena
764 2025 882 2089 fuisses

108 2113 330 2198 Principibus,
353 2135 488 2198 regnum
511 2117 639 2197 poteras
662 2114 724 2177 hoc
748 2136 802 2178 ore
825 2113 949 2177 mereri.

111 2202 198 2279 Quae
221 2201 354 2286 propior
378 2201 513 2284 sceptris
537 2201 661 2265 facies?
685 2203 741 2286 qui
765 2202 895 2288 dignior
918 2202 991 2265 aula
1074 2219 1129 2268 264

109 2290 230 2356 Vultus
253 2290 337 2354 erit‘?
382 2288 459 2353 Non
481 2290 574 2353 labra
597 2312 702 2376 rosae,
724 2313 791 2355 non
814 2291 898 2355 colla
920 2290 1072 2376 pruinae,

108 2379 185 2445 Non
208 2379 312 2444 crines
335 2382 475 2462 aequant
497 2379 615 2464 violae,
637 2401 705 2443 non
727 2378 850 2443 lumina
872 2380 1028 2443 flammae.

110 2468 213 2547 Quam
236 2468 339 2533 iuncti
362 2467 477 2531 leviter
501 2489 570 2531 sese
593 2467 778 2532 discrimine
802 2468 926 2532 confert

109 2558 233 2622 Vmbra
257 2556 436 2641 supercilii!
459 2556 575 2620 miscet
598 2578 694 2640 quam
717 2557 805 2620 iusta
826 2556 982 2640 pudorem

109 2646 293 2731 Temperies
314 2645 417 2710 nimio
440 2667 499 2709 nec
522 2645 679 2731 sanguine
703 2645 822 2709 candor
845 2643 999 2709 abundat!

109 2733 256 2799 Aurorae
278 2734 382 2797 vincis
406 2733 528 2819 digitos
551 2756 743 2817 umerosque
766 2734 903 2819 Dianae,
1072 2750 1128 2800 270

109 2822 218 2907 Ipsam
241 2822 306 2886 iam
330 2843 462 2906 superas
485 2826 629 2886 matrem.
675 2820 711 2886 Si
733 2822 879 2886 Bacchus
903 2825 1029 2885 amator

111 2911 224 2975 Dotali
247 2909 356 2995 potuit
379 2911 502 2974 caelum
526 2911 655 2996 signare
678 2932 809 2995 corona,

112 2999 177 3064 Cur
198 2998 299 3063 nullis
322 2998 415 3085 virgo
439 2999 609 3062 redimitur
630 2999 797 3082 pulchrior
820 2998 941 3063 astris?

110 3087 179 3152 Iam
202 3088 265 3152 tibi
288 3087 423 3151 molitur
446 3086 611 3150 stellantia
634 3091 720 3151 serta
742 3088 862 3152 Bootes

110 3176 211 3260 Inque
235 3176 331 3240 decus
354 3174 476 3239 Mariae
499 3175 564 3239 iam
588 3176 692 3240 sidera
715 3177 855 3261 parturit
879 3175 997 3240 aether.
1074 3191 1128 3240 2⁷5

112 3264 138 3329 Ο
163 3264 261 3351 digno
284 3264 440 3328 nectenda
462 3263 533 3328 viro
557 3265 705 3348 tantique
728 3288 785 3350 per
809 3266 919 3330 orbem

113 3353 253 3418 Consors
277 3352 417 3436 imperii!
441 3352 506 3415 iam
529 3356 561 3416 te
584 3354 791 3418 venerabitur
813 3353 938 3438 Hister,

110 3441 238 3506 Nomen
261 3440 441 3506 adorabunt
464 3441 591 3528 populi3
614 3442 679 3505 iam
701 3442 834 3507 Rhenus
857 3447 889 3506 et
912 3440 1008 3506 Albis

112 3529 249 3616 Serriet3
273 3531 308 3595 in
330 3528 454 3595 medios
477 3527 542 3592 ibis
565 3531 677 3616 regina
701 3530 906 3617 Sygambros.
