2392 3870
117 170 163 235 86
182 169 328 225 CLAVDII
337 168 536 225 CLAVDIANI
545 169 585 223 IN
594 169 809 223 EVTROPIVM
817 169 924 222 LIBER
932 167 1129 223 SECVNDVS.

115 332 207 396 Bella
231 332 311 395 sinu.
357 330 457 417 Legio
481 329 604 413 pridem
626 330 772 394 Romana
797 329 994 416 Gruthungi,

113 419 189 484 Iura
212 420 330 502 quibus
353 419 447 482 victis
471 418 628 503 dedimuS,
644 419 769 502 ,quibus
793 441 869 483 arva
893 418 1070 502 domusque

112 508 338 592 Praebuimus‚
361 506 468 590 Lydos
491 506 652 590 Asiaeque
675 507 836 570 uberrima
860 510 989 571 vastant

112 595 248 681 Ignibus
272 599 304 659 et
328 596 355 658 si
380 595 456 677 quid
479 599 654 678 tempestas
677 596 781 678 prima
803 595 943 678 reliquit.

112 683 182 748 Nec
203 684 236 747 vi
258 705 317 746 nec
339 704 472 747 numero
496 683 585 766 freti3
608 683 664 748 sed
685 684 801 747 inertia
823 685 928 747 nutrit
1076 702 1129 751 580

112 772 322 854 Proditioque
345 771 474 856 dueum,
499 793 635 854 quorum
658 793 715 855 per
738 772 872 835 crimina
894 772 987 836 miles

114 858 257 943 Captivis
281 861 336 923 dat
354 863 446 945 terge
470 859 550 944 suis,
575 881 656 942 quos
679 863 763 924 teste
783 860 913 946 subegit

112 947 275 1032 Danuvio,
298 951 486 1031 partemque
509 947 601 1011 timet
626 949 681 1030 qui
704 949 845 1032 reppulit
869 970 987 1012 omnes

179 1034 276 1098 ‘Aula
300 1036 406 1099 choris
429 1036 596 1119 epulisque
618 1040 711 1100 vacet
733 1058 793 1100 nec
815 1037 940 1119 perdita
963 1041 1067 1120 curat,

112 1123 199 1187 Dum
223 1128 368 1207 superest
391 1123 521 1206 aliquid.
566 1122 617 1188 Ne
641 1124 718 1207 quid
740 1129 849 1189 tamen
873 1125 949 1188 orbe
971 1126 1073 1189 reciso

112 1211 270 1276 Venditor
293 1213 435 1297 amittat,
459 1212 623 1295 provincia
647 1234 791 1295 quaeque
815 1216 977 1297 superstes
1074 1230 1125 1279 586

111 1299 275 1364 Dividitur
298 1301 525 1387 geminumque
548 1300 665 1384 duplex
688 1322 822 1384 passure
845 1301 989 1365 tribunal

113 1386 248 1475 Cogitur
271 1389 403 1453 alterius
426 1389 566 1473 pretium
590 1389 707 1453 sarcire
730 1394 920 1472 peremptae.

2 1552 5 1556 ¹
113 1475 167 1540 Sic
189 1476 271 1540 mihi
294 1476 471 1541 restituunt
493 1477 646 1560 populos3
668 1476 729 1539 hac
752 1481 821 1540 arte
844 1481 970 1561 reperta

111 1563 285 1628 Rectorum
306 1586 476 1628 numerum
498 1564 594 1628 terris
617 1564 826 1649 pereuntibus
850 1571 977 1651 augent.
1073 1583 1125 1631 590

178 1650 229 1716 ‘In
250 1656 283 1716 te
306 1652 371 1716 iam
395 1674 468 1736 spes
490 1675 555 1716 una
577 1652 668 1717 mihi.
712 1653 777 1718 Pro
800 1653 913 1717 fronde
936 1653 1101 1718 Minervae

110 1737 189 1822 Has,
212 1739 358 1825 Stilicho,
380 1740 477 1804 tendo
500 1740 663 1805 lacrimas:
687 1763 836 1806 succurre
859 1741 980 1827 ruenti,

111 1826 211 1910 Eripe
235 1848 285 1890 me
308 1827 451 1913 tandem,
474 1828 646 1893 servilibus
670 1829 757 1913 eripe
780 1829 897 1916 regnis

110 1912 200 1978 Neve
223 1913 301 1978 adeo
325 1919 458 1979 cunctos
480 1938 656 1999 paucorum
680 1917 813 1982 erimine
837 1918 967 1982 damnes

109 2001 179 2067 Nec
200 2024 284 2066 nova
307 2006 358 2068 tot
380 2003 505 2067 meritis
530 2005 651 2068 offensa
673 2005 837 2088 prioribus
862 2006 936 2070 obst
955 2010 977 2070 t.
1069 2024 1121 2072 595

109 2088 245 2154 Iamiam
267 2091 360 2154 flecte
383 2091 534 2156 animum.
581 2092 736 2176 Suprema
759 2093 901 2177 pericula
925 2117 1050 2177 semper

109 2178 198 2242 Dant
220 2178 347 2242 veniam
370 2178 497 2262 culpae·
536 2179 689 2256 Quamvis
712 2181 814 2245 iratus
838 2186 869 2246 et
893 2183 967 2246 exul

109 2266 173 2331 Pro
197 2266 321 2350 patriae
343 2267 482 2332 flammis
505 2291 572 2332 non
594 2268 723 2334 distulit
746 2291 835 2334 arma
859 2269 1023 2335 Camillus.

110 2353 180 2419 Nec
203 2360 235 2420 te
259 2354 479 2420 subtrahimus
502 2357 611 2442 Lati03
635 2357 783 2422 defensor
804 2358 934 2442 utrique

108 2441 250 2509 Sufficis.
295 2443 470 2508 Armorum
491 2444 588 2509 liceat
611 2446 780 2531 splendore
802 2450 933 2511 tuorum
1072 2463 1123 2512 600

110 2529 151 2596 In
174 2554 341 2598 commune
364 2532 443 2618 frui3
467 2533 589 2617 clipeus
611 2557 671 2599 nos
693 2539 844 2622 protegat
868 2535 952 2599 idem

111 2618 247 2703 Vnaque
269 2643 329 2705 pro
352 2621 482 2707 gemino
506 2623 638 2687 desudet
661 2623 789 2688 cardine
812 2623 936 2688 virtus'

185 2817 236 2866 592
257 2811 389 2883 Stilicho,
408 2813 508 2886 tendo]
527 2815 654 2885 Batiam
672 2815 726 2869 tibi
744 2815 891 2886 protendo.
