2392 3870
84 120 178 175 XVIII
355 119 640 176 ADNO'I’ATIONES
659 121 836 179 cffldlcnu.

158 282 187 334 et
201 280 328 334 dativum
342 281 442 350 poseat
455 296 569 334 necesse
583 279 722 349 sitneque
732 298 782 351 per
792 283 955 350 asyndeton
968 286 1089 352 postcon-
1110 340 1113 347 ,

156 350 254 405 iuncta
269 367 340 419 quae
354 351 528 419 praecedunt
542 351 680 405 attributa
694 355 795 419 quarto
809 352 840 406 in
853 352 919 407 loco
930 354 1090 424 ponipossit

156 438 230 490 quae
245 424 340 503 autem
356 421 541 502 buechelerus
556 422 632 490 apud
642 422 683 478 Bi.
698 423 839 491 proponit,
854 423 943 478 nimis
954 425 1090 480 artificiosa

86 492 940 690 132{Qofgbevxuvmstdilefelstlildistmlecssicrlgifctgu{⁴111}isidi
960 513 1091 623 adua.

182 655 190 688 l
224 679 230 690 .
300 677 306 689 .

87 712 137 760 167
157 706 260 776 iudice]
283 705 395 760 uindice
413 704 519 774 (BWel
543 704 704 774 repudiavi,
729 705 797 773 quia
819 705 850 759 in
872 723 945 787 pace
969 709 1098 763 rectorcn'

157 775 285 844 gentium
308 775 395 830 fuisse
419 776 541 830 Probum
565 778 652 844 atque
676 776 725 829 ‘ad
749 776 851 830 summi
874 780 947 832 1uris
971 778 1091 848 vestigie’

156 847 266 901 venisse
284 864 310 902 v.
325 851 431 901 67-60
451 863 468 900 a
485 848 572 916 poeta
590 848 652 916 ipso
676 847 838 914 edocemur3
861 848 989 903 uindicis
1015 856 1092 904 auten

157 917 236 971 notio
259 916 350 985 magis
374 917 411 971 ad
434 933 478 971 res
502 920 598 986 gestas
627 919 777 987 spectaret.
811 921 938 973 ceterum
963 921 1000 976 de
1024 918 1092 975 Probi

158 985 311 1041 honoribus
330 987 396 1041 vide
413 987 456 1042 Bi.
476 988 563 1056 praef.
581 1006 609 1058 p.
623 987 684 1043 VII.

88 1062 139 1111 198
161 1058 263 1128 Graia]
284 1057 416 1111 Heinsius
435 1075 485 1127 pro
504 1077 618 1130 pruma,-
641 1058 682 1112 sic
700 1057 775 1112 enim
795 1058 909 1128 scripsit
929 1059 994 1130 ipse
1013 1063 1093 1117 noster

157 1128 196 1182 IV
216 1145 289 1184 cons.
306 1127 377 1182 Hon.
396 1133 449 1182 398
475 1130 566 1184 Graia
588 1136 707 1186 catastae
734 1145 899 1198 semperque
924 1131 1020 1186 utitur
1040 1145 1092 1186 voce

159 1200 272 1269 Graias,
291 1199 334 1252 ita
347 1201 379 1252 ut
396 1199 431 1253 ab
451 1199 592 1254 adiectivo
609 1200 753 1255 ‘Graecus'
771 1199 955 1256 abhorruisse
969 1202 1092 1258 videatur.

89 1276 139 1324 211
159 1271 266 1395 frapfir]
281 1286 332 1340 pro
343 1270 445 1340 plausu
455 1269 600 1324 hominum
614 1271 701 1325 etiam
715 1270 821 1340 legitur
830 1271 929 1327 Senec.
945 1274 982 1328 de
997 1277 1093 1341 tranqu

157 1359 202 1398 au.
262 1347 303 1398 13.

87 1418 138 1467 226
160 1414 259 1486 Tybri]
266 1430 317 1483 pro
328 1414 407 1468 Tibri
414 1411 683 1478 edidi3Graecarum
691 1411 766 1466 enim
773 1412 928 1466 formarum
935 1413 1092 1469 Claudianus

158 1484 368 1538 amantissimus
388 1492 448 1537 erat
467 1483 501 1537 cf.
520 1482 564 1538 Bi.
583 1483 706 1537 indicem
725 1501 746 1538 s.
761 1503 787 1538 v.
807 1482 890 1536 eliber
908 1500 957 1538 res
977 1502 1007 1540 se
1021 1485 1092 1539 habet

158 1574 184 1610 v.
199 1559 242 1622 98,
262 1555 312 1609 ubi
329 1554 371 1608 rei
389 1553 523 1608 metricae
541 1552 615 1607 ratio
632 1555 738 1609 Tiberia
751 1553 902 1608 lectionem
917 1555 1092 1611 commendat.

88 1631 140 1678 227
160 1624 307 1747 11661ζῦ1611]
329 1622 479 1720 ‘interluit'
504 1626 605 1693 postea
624 1623 833 1679 commendavit
851 1624 895 1680 Bi.
914 1624 948 1679 in
966 1628 1026 1683 ind.
1044 1645 1062 1682 s.
1073 1643 1092 1680 1.

163 1695 233 1748 ‘inte
269 1711 356 1748 uere.

88 1770 139 1818 231
165 1765 308 1836 Unanimi]
328 1766 426 1818 contra
444 1781 539 1819 omnes
554 1764 642 1820 libros
656 1764 803 1835 inculcavi,
823 1782 880 1819 non
895 1767 989 1822 solum
1004 1770 1036 1822 ut
1048 1764 1092 1822 evi·

159 1838 250 1890 tarem
269 1834 473 1904 cacophoniam
491 1836 610 1891 duorum
622 1837 772 1892 verborum
786 1835 816 1889 in
831 1853 870 1892 -ea
880 1837 1092 1902 terminantium,

160 1907 210 1961 sed
220 1906 287 1975 quia
296 1905 374 1959 illius
384 1907 459 1960 vocis
469 1907 588 1960 formam
598 1907 751 1962 secundum
760 1906 875 1962 tertiam
885 1908 1092 1964 declinationem

159 1978 261 2031 flexam
279 1976 319 2032 Ol.
337 1993 394 2031 non
413 1976 577 2031 adhibuisse
595 1977 743 2032 existumo.
781 1979 821 2031 sic
839 1981 973 2035 unanimi
991 1978 1094 2035 tradunt

159 2049 200 2103 Ill
215 2065 289 2104 cons.
306 2052 357 2103 189
373 2065 469 2103 omnes
483 2066 557 2117 mss,
576 2048 660 2119 Rapt.
670 2049 697 2102 Il
707 2054 758 2104 368
773 2049 942 2118 complures,
957 2051 1094 2107 Rufinus

159 2122 307 2176 ananiense
320 2118 414 2172 firmat
424 2120 444 2174 C
455 2119 649 2174 consentiente
663 2119 717 2182 11²3
737 2137 759 2173 c.
775 2137 810 2174 m.
825 2119 904 2173 Vua
920 2124 1021 2177 autern
1033 2117 1093 2190 quod

160 2189 267 2244 Birtius
287 2206 350 2243 cum
369 2189 428 2244 solo
446 2191 468 2243 P
488 2191 636 2246 Uaoaimea
655 2190 753 2257 edidit,
772 2190 856 2244 valde
876 2189 974 2247 miror.
1008 2187 1096 2261 quodsi

160 2261 213 2315 hoc
227 2260 258 2315 in
271 2260 333 2315 loco
343 2261 568 2331 repugnantibus
577 2262 707 2315 omnibus
717 2260 797 2315 libris
808 2260 945 2315 audacius
954 2262 1094 2318 lectionem

119 2357 123 2362 ·
160 2349 205 2385 mc
224 2330 378 2386 mutavisse
396 2330 549 2401 putaveris,
568 2348 625 2386 non
643 2332 685 2386 ita
699 2332 781 2386 bonis
796 2330 942 2387 codicibus
957 2329 1095 2405 panegyri·

160 2420 224 2458 cum
241 2403 324 2459 Prob.
342 2403 480 2456 traditum
499 2419 560 2457 esse
579 2405 678 2458 contra
695 2420 804 2459 moneo.
892 2446 908 2461 ..

89 2479 141 2527 232
160 2475 249 2545 foras]
269 2474 304 2528 cf.
324 2473 537 2528 adnotationem
555 2474 631 2543 apud
648 2473 691 2529 Bi.

89 2550 141 2599 260
163 2546 307 2614 Galaesus]
328 2543 429 2613 scripsi
442 2547 554 2599 secutus
569 2545 767 2599 auctoritatem
781 2543 1016 2613 Vergilianorum
1029 2542 1095 2601 codd.

162 2615 197 2670 cf.
213 2615 313 2686 Georg.
328 2615 367 2669 IV
382 2620 433 2668 126
451 2614 565 2683 (Rieu).

90 2691 143 2740 267
162 2687 265 2756 cauas]
285 2702 349 2739 curn
366 2686 508 2756 plerisque
527 2685 645 2752 retinui3
666 2687 738 2740 bene
757 2685 832 2739 enim
850 2685 880 2738 in
899 2686 1097 2743 exclamation

160 2757 353 2812 nominativus
371 2773 422 2825 pro
440 2756 570 2812 vocativo
589 2755 657 2826 poni
675 2759 771 2826 potest
795 2773 886 2825 neque
911 2773 1040 2826 agnosco
1062 2771 1096 2813 ea·

161 2828 340 2896 cophoniam‚
373 2831 458 2881 immo
493 2826 740 2897 exaggerationem
773 2827 915 2895 quandam
944 2828 976 2885 in
1005 2838 1097 2900 temps

160 2917 186 2953 v.
202 2905 253 2954 266
273 2902 302 2953 et
320 2915 412 2954 annac
429 2916 454 2954 v.
471 2905 531 2954 267.

359 3042 412 3106 Ad
435 3042 648 3108 Claudianum
670 3042 833 3107 maiorem.

440 3165 550 3219 Notae
569 3162 747 3220 librorum:

115 3253 153 3307 V:
173 3253 261 3308 codex
279 3253 433 3307 Vaticanus
451 3270 479 3307 n.
496 3258 565 3307 2809
584 3253 700 3309 membr.
720 3269 792 3309 saec.
806 3253 867 3307 XII.

118 3325 152 3378 P:
172 3324 260 3378 codex
278 3323 420 3379 Parisinus
439 3324 489 3378 lat.
506 3329 547 3390 18,
563 3328 615 3377 552
634 3323 750 3378 membr.
771 3340 842 3379 saec.
857 3321 930 3379 XIII.

4 3409 8 3416 ·
121 3394 154 3449 0:
173 3395 262 3448 codex
279 3394 469 3449 Bruxellensis
488 3413 515 3450 n.
531 3399 597 3449 6381
619 3410 691 3450 saec.
706 3394 752 3451 XI.

88 3463 153 3520 Em:
173 3467 306 3535 excerpta
315 3464 479 3519 Florentina
492 3465 614 3534 margini
629 3465 761 3520 editionis
772 3463 941 3519 Vicentinae
951 3467 1100 3539 adscripta
