2392 3870
91 177 187 248 (XXI.)
200 177 249 231 DE
264 175 483 232 CONSVLATV
498 175 722 231 STlLIOHONIS
736 176 847 232 LIBER
859 175 1005 233 PRIMVS.
1040 177 1104 242 149

92 339 198 404 Gallia
220 339 272 403 bis
295 339 415 404 fractas
437 336 559 423 Alpino
582 338 714 404 vulnere
737 339 844 404 vires?

89 428 167 494 Non
190 450 250 514 ego
274 428 402 513 dilectu,
425 426 515 512 Tyrii
538 428 594 492 sed
616 450 744 493 vomere
769 426 880 491 Cadmi

90 517 171 581 Tam
194 517 318 581 subitas
342 518 425 581 acies
449 520 604 601 concepto
628 517 722 581 dente
746 516 893 581 draconis

90 605 253 669 Exiluisse
276 627 361 670 reor:
384 605 530 669 Dircaeis
554 605 659 689 qualis
682 605 718 668 in
740 605 825 669 arvis
1054 621 1107 670 320

90 693 206 758 Messis
230 716 302 759 cum
324 695 457 779 proprio
480 716 557 758 mox
579 694 740 757 bellatura
764 694 879 758 colono

92 782 255 869 Cognatos
280 783 411 847 strinxit
434 783 569 869 gladioS,
593 805 666 846 cum
690 782 810 846 semine
833 783 918 847 iacto

89 870 281 958 Terrigenae
304 872 397 958 galea
420 876 557 936 matrem
578 874 731 935 nascente
754 871 888 935 ferirent

89 959 231 1025 Armifer
255 965 287 1025 et
310 960 405 1025 viridi
428 961 557 1024 floreret
580 959 684 1023 milite
708 958 825 1024 sulcus.

90 1049 162 1113 Hoc
177 1071 306 1132 quoque
319 1071 386 1113 non
400 1070 499 1132 parva
514 1049 564 1112 fas
579 1052 628 1111 est
643 1070 715 1112 cum
729 1048 823 1112 laude
837 1048 985 1132 relinqui,
1055 1065 1106 1114 325

92 1137 184 1214 Quod
206 1160 274 1203 non
297 1141 371 1202 ante
394 1138 487 1202 fretis
511 1137 670 1201 exercitus
694 1136 820 1201 adstitit
842 1138 940 1223 ultor,

90 1225 209 1290 Ordine
233 1249 330 1310 quam
351 1227 458 1310 prisco
482 1230 625 1291 censeret
648 1225 734 1289 bella
758 1229 896 1289 senatus.

89 1314 284 1401 Neglectum
308 1313 444 1379 Stilicho
467 1337 524 1399 per
547 1318 598 1378 tot
620 1314 686 1377 iam
709 1315 836 1378 saecula
859 1336 981 1379 morem

89 1403 240 1488 Rettulit,
263 1407 300 1467 ut
324 1404 458 1468 ducibus
481 1403 670 1468 mandarent
692 1403 816 1487 proelia
838 1407 947 1487 patres

89 1491 291 1574 Decretoque
314 1496 410 1579 togae
433 1492 511 1557 felix
534 1492 717 1579 legionibus
739 1493 802 1555 iret
1053 1510 1106 1559 330

89 1581 232 1645 Tessera.
269 1580 444 1646 Romuleas
467 1582 556 1668 leges
579 1582 711 1645 rediisse
734 1581 883 1668 fatemur,

91 1668 172 1733 Cum
195 1691 364 1753 procerum
385 1671 484 1734 iussis
506 1664 698 1734 famulantia
721 1671 880 1735 cernimus
904 1692 1000 1734 arma.

157 1758 360 1842 Tyrrhenum
382 1763 512 1842 poteras
537 1759 661 1823 cunctis
684 1760 903 1823 transmittere
928 1759 1029 1846 signis

88 1846 134 1910 Et
157 1847 282 1910 ratibus
307 1845 428 1932 Syrtes,
449 1847 587 1930 Libyam
611 1849 770 1931 complere
792 1848 957 1934 maniplis3

91 1934 234 1998 Consilio
259 1935 350 1998 stetit
372 1936 422 1998 ira
443 1936 558 2020 minor,
580 1958 621 2000 ne
644 1938 776 2000 territus
799 1937 855 2001 ille
1052 1953 1104 2002 335

89 2022 134 2086 'Pe
158 2023 236 2087 duce
261 2028 410 2107 suspecto
433 2022 549 2088 Martis
572 2025 719 2111 graviore
741 2030 857 2109 paratu

89 2111 156 2174 Aut
180 2113 215 2176 in
236 2112 413 2176 harenosos
436 2117 545 2177 aestus
568 2135 745 2197 zonamque
768 2115 937 2179 rubentem

90 2199 247 2264 Tenderet
270 2205 327 2264 aut
351 2201 429 2266 solis
452 2202 581 2288 fugiens
604 2204 757 2267 transiret
780 2205 815 2267 in
838 2208 929 2267 ortus

88 2288 287 2354 Missurusve
311 2291 373 2354 sibi
397 2294 502 2355 certae
525 2292 645 2356 solacia
667 2293 783 2355 mortis

89 2375 214 2461 Oppida
237 2378 377 2444 dirueret
400 2379 546 2444 flammis
580 2381 645 2444 Res
668 2381 750 2443 mira
772 2379 890 2444 relatu:
1051 2395 1102 2443 340

88 2464 138 2530 Νο
161 2467 294 2531 timeare
317 2469 413 2532 times
436 2472 477 2550 et,
501 2490 597 2550 quern
619 2469 760 2532 vindicta
783 2467 943 2550 manebat,

88 2554 266 2638 Desperare
288 2560 387 2619 vetas.
425 2555 589 2632 Quantum
612 2556 729 2619 fiducia
751 2555 847 2619 nobis

86 2642 229 2706 Profuit!
252 2642 383 2705 hostilis
407 2643 514 2706 salvae
539 2643 745 2728 Carthaginis
769 2664 870 2728 arces3

87 2729 224 2794 Inlaesis
246 2729 337 2812 Tyrii
360 2730 502 2815 gaudent
526 2730 705 2795 cultoribus
728 2732 807 2817 agri,

89 2817 177 2895 Quos
199 2819 308 2902 potuit
330 2822 457 2882 vastare
481 2819 566 2904 fuga.
604 2818 667 2902 Spe
691 2824 804 2903 captus
827 2820 916 2884 inani
1051 2835 1108 2889 345.

87 2907 156 2972 Neo
180 2929 213 2971 se
238 2907 400 2991 subripuit
423 2928 545 2991 poenae
567 2908 752 2991 nostrisque
775 2909 918 2992 pepercit

87 2994 241 3061 Demens:
265 2997 321 3080 qui
343 3018 478 3060 numero
501 3000 638 3081 tantum,
660 3019 728 3061 non
750 2998 866 3063 robore
889 3019 1019 3062 mensus

87 3083 252 3149 Romanos
276 3085 396 3169 rapidis
418 3085 488 3149 ibat
512 3107 569 3150 ceu
592 3086 741 3169 protinus
766 3109 876 3151 omnes

89 3171 279 3237 calcaturus
303 3174 393 3258 equis
418 3178 459 3258 et,
483 3175 569 3256 quod
590 3175 711 3239 iactare
735 3176 870 3262 solebat,
965 3194 967 3198 ·

88 3259 220 3326 Solibus
244 3263 356 3326 effetos
379 3285 543 3327 mersurus
565 3263 697 3347 pulvere
722 3261 842 3329 Gallos.
1051 3279 1105 3329 350

88 3348 150 3414 Sed
174 3350 284 3415 didicit
306 3373 374 3416 non
395 3351 595 3435 Aethiopum
617 3352 780 3437 geminata
802 3354 934 3417 venenis

87 3437 240 3524 Vulnera,
262 3461 330 3503 non
352 3440 461 3504 fusum
485 3440 605 3504 crebris
628 3439 802 3505 hastilibus
825 3441 972 3526 imbrem,

86 3525 165 3592 Non
188 3528 333 3611 equitum
355 3529 484 3592 nimbos
506 3527 610 3592 Latiis
634 3529 790 3594 obsistere
813 3529 897 3613 pilis.
