2392 3870
88 166 185 236 (VIII.)
197 162 379 218 PANEGYR.
392 161 441 215 DE
457 161 605 243 Quaero
620 160 837 218 CONSVLATV
850 162 1014 220 HONORII.
1036 165 1102 230 125

89 328 142 392 Sic
165 325 379 411 Amphioniae
402 324 536 408 pulcher
559 325 675 390 sudore
698 325 877 409 palaestrae

88 416 218 480 Alcides
241 414 409 498 pharetras
432 414 631 497 Dircaeaque
654 414 720 477 1111
744 414 869 478 solebat

89 505 328 587 Praetemptare
351 503 428 567 feris
453 503 531 566 olim
554 502 716 566 domitura
740 500 895 588 Gigantes

89 594 135 657 Et
157 615 268 677 pacem
291 592 398 655 latura
421 592 512 677 polo,
536 612 724 675 semperque
748 596 900 656 cruentus
1054 610 1106 660 535

89 681 163 745 Ibat
186 686 218 746 et
240 680 414 744 Alcmenae
436 679 588 764 praedam
611 680 770 744 referebat
794 682 917 767 ovanti3

91 770 263 834 Caeruleus
286 770 346 833 tali
367 773 552 852 prostratus
574 767 728 852 Apolline
750 768 882 852 Python

90 858 255 943 Implicuit
278 857 390 922 fractis
413 859 571 922 moritura
593 858 758 922 volumina
782 858 881 923 silvis.

158 947 239 1012 Cum
262 948 399 1011 vectaris
424 968 506 1030 equo
530 947 764 1030 simulacraque
787 946 905 1011 Martia
928 948 1027 1035 ludis,

92 1037 170 1114 Quis
193 1037 303 1100 mollis
327 1037 455 1099 sinuare
477 1035 587 1121 fugas,
611 1036 683 1118 quis
706 1035 836 1100 tendere
859 1040 992 1102 contum
1055 1054 1107 1103 140

90 1125 206 1189 Acrior
229 1130 286 1189 aut
310 1126 436 1189 subitos
459 1125 574 1188 melior
596 1125 724 1188 flexisse
747 1125 918 1189 recursus?

90 1215 167 1279 Non
188 1218 222 1277 te
245 1214 460 1300 Massagetae,
482 1235 550 1277 non
572 1235 651 1299 gens
675 1213 814 1276 exercita
837 1235 950 1297 campo

42 1357 44 1359 .
92 1302 261 1388 Thessala,
282 1324 350 1366 non
371 1303 435 1386 ipsi
457 1305 611 1386 poterunt
634 1323 771 1384 aequare
793 1302 1003 1388 bimembres3

91 1391 158 1456 Vix
181 1391 315 1455 comites
339 1391 421 1476 alae,
443 1391 498 1455 vix
520 1395 553 1455 te
578 1412 734 1475 suspensa
757 1395 937 1474 sequuntur

91 1479 233 1566 Agmina
255 1481 479 1563 ferventesque
501 1484 628 1544 tument
650 1482 726 1562 post
748 1483 841 1565 terga
864 1479 1026 1543 dracones.
1055 1495 1107 1544 545

91 1569 201 1652 thuc
224 1569 290 1632 tuis
312 1567 453 1652 primurn
477 1570 606 1653 sonipes
630 1568 808 1632 calcaribus
831 1568 924 1653 arsit,

91 1656 266 1743 lgnescunt
289 1659 419 1741 patulae
441 1680 549 1743 nares,
571 1679 638 1721 non
661 1657 759 1720 sentit
781 1657 918 1721 11111111
1038 1667 1043 1674 ’

91 1745 223 1832 Vngula
246 1747 471 1829 discussaeque
493 1747 589 1810 iubae
613 1749 810 1832 spargrmtur
832 1746 868 1809 in
890 1767 1010 1829 armos3

93 1834 279 1898 Turbantur
301 1835 465 1921 phalerae,
489 1836 651 1919 spumosis
674 1835 836 1899 morsibus
860 1857 975 1899 aurum

92 1922 223 2008 Fumat,
246 1923 433 1987 anhelantes
457 1924 620 1988 11111111
644 1925 800 2009 sangiune
823 1945 976 2010 gemmae.
1055 1938 1108 1988 550

91 2010 165 2095 Ipse
188 2011 282 2075 labor
304 2012 475 2096 pulvisque
498 2013 588 2077 decet
612 2013 808 2096 confusaque
831 2017 923 2078 motu

94 2100 274 2185 Caesarics3
297 2101 397 2163 vestis
420 2101 544 2166 radiato
567 2103 688 2166 murice
712 2103 814 2167 solem

96 2187 274 2273 Combibit,
297 2188 425 2274 ingesto
449 2191 610 2274 crispatur
631 2214 775 2275 purpura
798 2195 903 2257 vento.

94 2276 129 2341 Si
154 2276 302 2340 dominus
325 2277 486 2363 legeretur
509 2280 614 2366 equis,
637 2284 694 2343 tua
716 2284 864 2364 posceret
886 2280 974 2343 ultro

92 2365 236 2429 Verbera
258 2365 434 2430 Nereidum
457 2368 595 2432 stabulis
617 2369 761 2432 nutritus
784 2367 889 2432 Arion
1056 2383 1108 2432 555

94 2453 298 2537 Serviretquc
321 2455 388 2518 tuis
412 2460 596 2541 contempto
621 2456 754 2521 Castore
777 2457 877 2520 frenis

94 2542 243 2626 Cyllarus
267 2547 299 2607 et
322 2543 442 2608 flavum
464 2544 614 2610 Xanthus
638 2546 812 2629 sprevisset
834 2543 1004 2620 Achillem.

92 2630 167 2714 Ipse
189 2631 251 2695 tibi
274 2632 412 2696 famulas
434 2634 602 2716 praeberet
624 2634 768 2719 Pegasus
791 2633 860 2695 alas

92 2720 306 2803 Portaretque
329 2721 433 2785 libens
456 2722 653 2804 melioraque
676 2721 818 2805 pondera
839 2743 955 2804 passus

92 2808 380 2892 Bellerophonteas
402 2810 625 2897 indignaretur
646 2810 798 2874 habenas.
1057 2826 1109 2877 560

95 2896 181 2972 Quin
203 2899 300 2961 ctiam
322 2899 418 2963 velox
440 2899 586 2963 Aurorae
608 2899 742 2964 nuntius
765 2898 908 2984 Aethon,

95 2984 158 3061 Qui
180 2986 274 3072 fugat
297 2987 428 3052 hinnitu
451 2988 561 3052 stellas
585 3010 742 3071 roseoque
765 2987 914 3052 domatur

94 3073 258 3161 Lucifero,
283 3077 433 3159 quotiens
456 3077 597 3160 equitem
620 3081 653 3141 te
677 3077 778 3141 cernit
801 3077 842 3141 ab
866 3077 976 3161 astris,

93 3160 220 3226 Invidet
243 3165 340 3248 inque
363 3167 429 3230 tuis
452 3166 576 3230 mavult
600 3187 749 3250 spumare
771 3165 900 3249 lupatis

161 3251 257 3316 Nunc
272 3275 400 3337 quoque
415 3277 497 3339 quos
506 3254 647 3341 habitus,
662 3258 802 3338 quantae
809 3254 965 3319 miracula
973 3275 1110 3338 pompae

94 3339 258 3426 Vidimus,
281 3341 427 3408 Ausonio
452 3367 524 3408 cum
546 3345 612 3408 iam
636 3343 817 3408 succinctus
841 3344 961 3407 amictu
1058 3358 1109 3408 sos

94 3426 157 3491 Per
178 3428 337 3515 Ligurum
359 3433 499 3516 populos
523 3433 620 3497 solito
644 3433 846 3516 conspectior
868 3433 931 3495 ires

94 3515 203 3600 Atque
226 3519 311 3583 inter
333 3521 443 3586 niveas
467 3522 531 3584 alte
554 3521 703 3585 veherere
727 3520 890 3605 cohortes,
