2392 3870
136 169 201 235 160
464 166 611 223 solvan
629 165 829 222 CLAVDIANI

134 332 281 417 Excepto
306 329 483 396 Stilichone
506 332 623 413 potest.
660 328 747 393 Bene
769 328 913 411 praescia
936 331 1069 411 tempus

135 422 228 486 Mens
251 424 307 485 tua
331 419 512 503 distulerat3
535 418 633 482 titulo
656 421 734 481 tunc
757 438 897 481 crescere
919 437 1048 502 posses,

135 510 232 575 Nunc
254 530 311 592 per
333 511 366 572 te
389 507 514 571 titulus.
552 505 673 570 Consul
696 527 844 570 succurre
868 505 1012 592 gravatis

136 596 346 681 Consulibus,
369 596 561 679 quicumque
584 595 661 680 fuit,
684 595 876 677 quicumque
899 595 1043 680 futurus3

135 686 268 752 Annum
290 684 384 749 redde
407 688 513 768 tuum,
536 705 632 766 quem
654 683 718 747 iam
742 705 853 747 secura
876 687 1030 766 sequatur
1102 701 1156 750 320

135 774 316 840 Posteritas
338 795 397 838 nec
419 773 484 837 iam
507 772 614 849 doleat
637 772 773 855 defensa·
790 776 943 837 vetustas.

136 863 190 930 Sic
213 863 333 927 trabeis
356 862 445 925 ultor
467 859 603 925 Stilicho
627 861 812 944 Brutusque
835 865 988 945 repertor.

135 951 284 1017 Libertas
307 950 420 1036 populi
442 950 547 1033 primo
570 954 648 1013 tunc
672 950 802 1014 consule
825 949 927 1014 Bruto

136 1039 275 1104 Reddita
296 1039 494 1124 per'fasces3
517 1038 570 1101 hic
592 1038 734 1102 fascibus
758 1039 881 1122 expulit
903 1038 984 1122 ipsis

137 1128 319 1195 Servitium.
356 1126 504 1191 Instituit
528 1126 699 1191 sublimem
721 1127 843 1191 Brutus
865 1127 1036 1213 honorem3
1102 1145 1157 1195 325

137 1216 291 1284 Adseruit
314 1216 459 1282 Stilicho.
495 1215 574 1281 Plus
598 1220 647 1280 est
671 1237 813 1280 servasse
836 1219 1011 1300 repertum,

137 1307 241 1384 Quam
264 1306 427 1389 quaesisse
449 1326 577 1369 novum.
615 1303 698 1381 Quid
720 1305 844 1369 tardius
868 1326 922 1368 ore
944 1303 1078 1370 rubenti

136 1395 262 1460 Adnuis
285 1399 317 1459 11
341 1394 457 1458 solitus
479 1393 620 1457 frontem
643 1394 835 1457 circumfluit
857 1393 965 1479 ignis?

137 1484 279 1549 Tandem
301 1484 392 1547 vince
415 1486 521 1567 tuum,
543 1482 645 1546 vincis
669 1482 725 1564 qui
749 1486 876 1567 cuncta,
898 1481 1063 1565 pudorem.

205 1572 292 1636 ‘Hos
315 1572 425 1656 etiam,
449 1571 594 1654 quamvis
618 1570 779 1654 corrumpi
802 1592 933 1635 munere
955 1570 1047 1635 nullo
1103 1590 1156 1638 330

136 1661 236 1726 Posse
260 1682 368 1745 queas,
390 1660 507 1724 mirare
529 1659 634 1724 libens
657 1680 694 1723 ac
718 1659 843 1743 suscipe
867 1659 1004 1744 cinctus,

138 1748 227 1825 Quos
249 1749 311 1813 tibi
334 1749 441 1812 divino
464 1770 590 1813 mecum
613 1748 759 1812 Tritonia
782 1748 874 1812 duxit

137 1837 282 1902 Pectine:
305 1838 407 1902 tincta
431 1837 527 1900 simul
549 1837 687 1920 repetito
710 1837 831 1900 murice
854 1837 910 1901 fila

140 1925 344 1991 Contulimus
367 1925 475 2009 pensis
499 1929 531 1988 et
554 1925 665 1989 eodem
687 1925 834 1990 nevimus
857 1947 949 2011 aure,

138 2013 247 2078 Aurea
270 2035 334 2096 quo
357 2012 509 2077 Lachesis
533 2014 593 2077 sub
617 2017 649 2078 te
672 2013 753 2077 mihi
776 2015 903 2079 saecula
926 2014 1016 2078 texit.
1103 2034 1158 2083 330

137 2103 201 2166 Hic
216 2123 284 2188 ,ego
307 2102 499 2185 promissam
523 2102 669 2166 subolem
693 2107 882 2187 sperataque
905 2103 1025 2168 mundo

136 2191 280 2277 Pignora
302 2189 450 2273 praelusi.
487 2189 606 2254 Veram
628 2213 704 2255 mcx
726 2191 795 2275 ipse
817 2192 971 2277 probabis

138 2279 191 2344 Me
213 2284 321 2344 vatem
343 2283 536 2362 nostraeque
558 2279 654 2344 fidem
676 2280 837 2345 venientia
860 2282 943 2346 telae

136 2368 218 2434 Fata
241 2368 384 2433 dabunt?

418 2457 510 2521 Dixit
533 2457 718 2543 gremioque
741 2459 880 2545 rigentia
902 2459 1026 2543 profert

15 2627 17 2631 ,
137 2547 246 2632 Dona,
268 2568 382 2633 graves
405 2567 483 2610 auro
507 2546 644 2610 trabeas.
680 2545 812 2634 Insigne
834 2547 998 2612 Minervae
1102 2567 1159 2617 310

11 2668 19 2679 ·
138 2635 247 2719 Spirat
272 2657 361 2719 opus.
397 2633 520 2699 Rutilis
541 2635 595 2699 hic
617 2635 763 2721 pingitur
786 2637 860 2701 aula
883 2638 1041 2702 columnis

138 2723 183 2788 Et
208 2724 290 2787 sacri
312 2723 433 2788 Mariae
456 2729 582 2809 partus3
605 2723 728 2789 Lucina
751 2725 878 2789 dolores

139 2811 285 2897 Solatur3
307 2813 425 2877 residet
448 2813 592 2899 fulgente
615 2835 772 2897 puerpera
794 2815 892 2900 lect03

140 2899 304 2965 Sollicitae
327 2900 418 2964 iuxta
440 2901 621 2984 pallescunt
643 2902 760 2987 gaudia
783 2904 905 2968 matris.

139 2988 332 3072 Susceptum
354 3011 489 3072 puerum
512 2989 677 3054 redimitae
700 2995 846 3075 tempora
867 2990 1039 3076 Nymphae
1101 3009 1155 3058 346

138 3077 220 3141 Auri
244 3078 334 3141 fonte
357 3078 478 3142 lavant:
502 3082 630 3143 teneros
654 3078 691 3142 de
716 3080 852 3144 stamine
874 3081 959 3145 risus

138 3165 341 3252 Vagitusque
364 3167 473 3231 audire
496 3172 598 3251 putes,
634 3165 704 3232 Iam
727 3174 869 3235 creverat
891 3170 999 3235 infans

140 3253 202 3319 Ore
225 3254 331 3318 ferens
354 3259 491 3338 patrem:
516 3255 651 3321 Stilicho
674 3259 832 3322 maturior
854 3260 924 3324 aevi

138 3342 257 3407 Martia
280 3347 407 3407 recturo
429 3344 529 3408 tradit
551 3350 721 3429 praecepta
742 3349 862 3431 nepoti.

138 3431 235 3496 Parte
259 3432 322 3496 alia
346 3432 468 3516 spumis
491 3434 654 3498 fucantem
677 3433 784 3499 Serica
807 3437 898 3501 frena
1103 3453 1157 3504 300

139 3519 331 3608 Sanguineis
353 3521 475 3606 primae
499 3522 646 3608 signatus
669 3524 748 3589 flore
770 3524 919 3615 iuventae
1035 3565 1039 3572 ›
