2392 3870
120 27 186 92 212
447 24 592 80 CLAVDII
610 23 810 80 cuavnnm

121 191 277 277 Arnbigat
300 195 356 253 aut
380 188 467 252 caelo
491 187 617 251 dubitet
638 208 749 271 parere
772 189 952 254 vocantiP'

189 281 242 344 Sic
265 278 311 342 ait
333 278 547 360 hortatusque
571 298 647 340 suos
670 276 823 359 belloque
845 277 998 364 viaeque
1107 300 1152 350 551

121 369 268 434 Instmit.
304 367 472 431 Attollunt
494 387 595 431 vanos
619 366 748 429 oracula
770 365 890 431 fastus.

123 458 150 523 Ο
175 479 299 540 semper
321 456 421 521 tacita
444 459 549 519 sortes
571 455 706 540 ambage
728 453 896 554 malignae

122 547 315 628 Eventuque
337 549 451 628 patens
474 547 507 608 et
528 543 636 607 nescia
657 542 787 607 vatibus
808 544 896 626 1psis

120 632 200 700 Veri
224 656 294 697 sera
317 634 408 697 fides!
445 633 602 719 Ligurum
624 631 755 718 regione
777 653 940 715 suprema

122 723 273 787 Pervenit
297 723 337 785 ad
359 722 493 786 fiuvium
517 721 591 785 miri
614 720 814 807 cognominis
839 720 1014 812 ‘Vrbem',
1110 745 1153 794 555

123 812 231 895 Atque
256 811 322 875 illic
346 811 486 874 domitus
509 811 564 874 vix
587 809 716 873 tandem
738 809 923 892 interprete
951 827 1060 880 casu'

124 901 269 988 Agnovit
293 900 399 963 dubiis
422 900 528 963 inlusa
551 899 708 962 vocabula
730 897 815 962 fatis.

189 988 347 1054 Necnon
370 994 401 1052 et
426 988 561 1052 Stilicho
584 1009 727 1074 pugnam
749 987 924 1071 poscentia
950 994 1067 1060 movit

123 1079 225 1144 Pleno
249 1083 354 1141 castra
377 1078 478 1163 gradu
502 1077 660 1159 dictisque
682 1075 818 1162 instigat
841 1082 988 1146 euntes:

124 1169 232 1232 ‘Nunc
254 1189 352 1252 nunc,
376 1188 395 1229 o
420 1166 511 1251 socii,
534 1169 707 1230 temeratae
730 1164 848 1228 sumite
872 1168 1023 1237 tandem
1108 1190 1153 1239 561

126 1257 239 1322 Italiae
262 1278 396 1339 poenas,
420 1255 543 1318 obsessi
566 1253 721 1338 principis
745 1252 843 1317 armis

123 1347 286 1411 Excrrsate
308 1345 399 1408 nefas
423 1344 687 1427 deploratumque
710 1342 842 1406 Timavo

124 1436 252 1499 Vulnus
276 1439 308 1498 et
330 1432 486 1517 Alpinum
509 1431 626 1518 gladiis
649 1432 776 1495 abolete
798 1431 978 1514 pudorem.

124 1525 187 1588 Hic
211 1527 273 1607 est,
297 1545 392 1606 quem
415 1523 535 1586 totiens
558 1521 680 1603 campis
702 1520 832 1584 fudistis
855 1518 1026 1614 Achivis,

126 1612 227 1688 Quem
251 1612 372 1676 discors
397 1611 541 1694 odiisque
564 1631 680 1693 anceps
704 1608 851 1673 civilibus
877 1610 995 1701 orbim
1112 1634 1157 1684 555

124 1701 202 1765 Non
225 1723 282 1763 sua
305 1700 354 1763 vis
377 1704 483 1763 tutata
507 1699 575 1784 diu,
598 1698 674 1761 dum
696 1698 825 1762 foedera
847 1697 960 1777 fallax

124 1789 222 1853 Ludit
246 1793 278 1851 et
301 1789 442 1852 alternae
465 1787 605 1872 periuria
626 1787 771 1851 venditat
793 1785 895 1851 aulae.

128 1877 253 1940 Credite
276 1898 362 1939 nunc
385 1900 508 1960 omnes,
532 1899 612 1960 quas
636 1876 704 1939 dira
726 1875 897 1939 Britannia
920 1886 1070 1971 gentes,

127 1966 213 2040 Quas
236 1964 362 2048 Hister,
385 1987 464 2046 quas
487 1966 620 2028 Rhenus
644 1966 715 2050 alit,
738 1964 874 2048 pendere
898 1974 1049 2049 paratas

128 2053 167 2117 In
190 2052 432 2135 speculis:'uno
456 2058 506 2116 tot
529 2054 652 2136 proelia
674 2053 792 2118 vincite
814 2051 912 2118 bello.
1112 2080 1161 2130 555

126 2144 308 2207 Romanum
331 2145 476 2224 reparate
500 2142 595 2205 decus
618 2144 798 2226 molemque
820 2140 970 2209 labantis

126 2231 257 2316 Imperii
280 2231 391 2295 fulcite
414 2231 546 2317 umeris3
569 2231 622 2295 hic
645 2232 752 2295 omnia
776 2252 908 2313 campus

126 2321 292 2406 Vindicat,
314 2320 392 2384 haec
415 2321 534 2384 mundo
558 2342 668 2404 pacem
690 2319 826 2385 victoria
849 2320 967 2386 sancit.
1053 2368 1061 2378 .

126 2411 203 2476 Non
226 2412 260 2474 in
283 2409 439 2473 Threiciis
462 2408 577 2473 Haemi
601 2409 799 2473 decernimus
822 2408 888 2472 oris

125 2500 194 2565 Nec
218 2521 314 2582 super
336 2498 479 2582 Alpheas
503 2497 686 2562 umbrantia
709 2498 855 2561 Maenala
877 2497 971 2580 ripas
1112 2527 1162 2578 575

129 2589 355 2673 Constitimus3
378 2610 443 2651 non
465 2588 518 2650 hic
541 2587 669 2673 Tegean
691 2586 1045 2673 Argosquetuemnr:

127 2676 315 2740 Visceribus
338 2676 451 2739 mediis
475 2677 610 2759 ipsoque
632 2676 667 2738 in
690 2676 783 2740 corde
805 2673 923 2739 videtis

127 2765 220 2828 Bella
243 2765 320 2850 geri.
357 2765 487 2827 Patrem
511 2764 622 2847 clipeis
646 2764 805 2828 defendite
828 2762 1017 2846 Thybrim?

128 2853 220 2917 Talia
242 2875 327 2917 nunc
349 2853 449 2937 pediti
455 2906 464 2938 ‚
487 2857 611 2916 turmae
633 2875 719 2917 nunc
741 2853 862 2916 mixtus
885 2861 1042 2935 equestri

41 3030 45 3043 Ι
129 2942 226 3005 Dicta
249 2943 354 3005 dabat.

387 3029 489 3095 Simul
514 3030 654 3093 externis
677 3034 847 3113 praecepta
869 3030 1000 3098 ferebat
1108 3060 1162 3110 580

100 3137 104 3145 ·
129 3118 277 3182 Auxiliis.
314 3117 387 3182 Ibat
410 3119 536 3202 patiens
560 3118 694 3182 dicionis
717 3119 854 3204 Alauna,

130 3208 200 3284 Qua
222 3210 352 3270 nostrae
375 3207 496 3271 iussere
519 3208 632 3293 tubae,
655 3212 854 3292 mortemque
877 3210 1062 3292 petendam

131 3335 242 3342 ...α-...α
247 3336 267 3339 -»
272 3334 344 3341 .--

202 3408 252 3455 513
271 3398 379 3471 nescia]
400 3400 570 3469 Gronovius;
588 3400 680 3455 noxia
