2392 3870
225 131 312 201 (xx.)
330 131 371 185 nr
388 130 604 186 avraorrvu
622 130 731 184 0000
749 131 946 189 saevusve.
1058 133 1100 198 81

87 293 234 376 Texitur,
257 293 383 378 ignavis
406 293 565 357 trahimus
589 293 664 357 dum
687 298 833 378 tempora
855 295 949 359 votis.

86 381 139 447 Me
162 381 244 466 petit
267 381 319 445 hic
343 381 447 446 sudor.
493 380 679 465 Numquam
703 404 773 446 mea
796 382 926 447 dextera
949 385 1058 470 segnis

86 470 139 534 Ad
161 471 289 534 ferrum.
334 469 454 534 Faveat
477 473 605 533 tantum
628 469 775 534 Tritonia
798 472 934 557 coeptis,
1048 491 1101 540 396

86 557 255 643 Inceptum
276 562 448 644 peragetur
472 580 560 642 opus.
606 557 675 622 Iam
699 563 814 623 cuncta
837 559 978 625 furorem

87 645 150 723 Qui
173 650 300 732 gravat,
324 646 461 710 efficiam
484 646 637 710 leviorem
659 647 799 731 pondere
822 648 927 734 lanae3

86 734 287 821 Tarbigilum
310 735 459 799 timidum
482 734 723 819 desertoresque
748 734 959 822 Gruthungos

86 823 132 888 Vt
155 824 288 887 miseras
310 823 492 907 populabor
515 845 590 887 oves
614 828 645 888 et
668 845 746 908 pace
769 825 870 888 relata
1048 844 1101 894 400

87 912 229 977 Pristina
251 910 421 975 restituam
443 911 603 998 Phrygias
627 911 667 976 ad
690 912 828 976 stamina
851 915 991 978 matres'

154 1000 216 1064 His
240 1000 333 1064 dictis
356 1001 474 1063 iterum
498 1000 593 1085 sedit3
616 1001 654 1064 fit
676 1001 809 1084 plausus
834 1005 865 1065 et
888 1001 1003 1088 ingens

89 1088 225 1153 Concilii
249 1089 382 1173 clamor,
406 1088 511 1171 qualis
534 1089 761 1153 resonantibus
785 1089 862 1153 olim

88 1177 244 1241 Exoritur
267 1177 384 1261 caveis,
408 1176 558 1259 quotiens
581 1177 716 1241 crinitus
739 1177 882 1260 ephebus

88 1264 156 1329 Aut
178 1265 315 1352 rigidam
338 1264 469 1330 Nioben
491 1269 547 1329 aut
570 1265 700 1328 flentem
723 1264 848 1328 Troada
871 1266 974 1353 fingit.
1049 1285 1102 1336 405

87 1353 241 1417 Protinus
265 1354 377 1417 excitis
400 1354 462 1417 iter
485 1353 691 1417 inremeabile
715 1353 817 1438 signis

87 1440 216 1525 Adripit
238 1441 445 1524 infaustoque
468 1441 558 1504 iubet
581 1441 710 1505 bubone
733 1441 854 1505 moveri

87 1529 227 1616 Agmina
250 1529 443 1616 Mygdonias
467 1550 542 1592 mox
564 1528 737 1612 impletura
759 1529 913 1594 volucres.

152 1618 292 1682 Pulcher
315 1621 347 1681 et
369 1618 511 1681 urbanae
535 1617 666 1701 cupiens
689 1616 847 1681 exercitus
871 1619 1016 1705 umbrae,

87 1706 251 1770 Adsiduus
274 1706 373 1790 ludis,
396 1705 507 1769 avidus
532 1705 697 1789 splendere
720 1706 856 1769 lavacris
1049 1725 1103 1776 410

87 1795 156 1860 Nec
180 1795 265 1858 soles
287 1795 447 1857 imbresve
469 1794 537 1877 pati
561 1795 763 1877 multumque
787 1794 888 1878 priori

87 1884 220 1966 Dispar,
244 1882 304 1945 sub
328 1882 430 1965 clipeo
454 1880 614 1946 Thracum
637 1883 693 1966 qui
716 1883 799 1947 ferre
821 1884 968 1970 pruinas,

87 1971 174 2034 Dum
198 1969 333 2034 Stilicho
357 1974 495 2056 regeret,
517 1971 667 2054 nudoque
690 1971 830 2036 hiemare
854 1973 914 2037 sub
939 1995 997 2038 axe

87 2058 241 2124 Sueverat
265 2063 296 2123 et
320 2058 407 2122 duris
430 2059 559 2123 haurire
581 2060 775 2143 bipennibus
799 2060 952 2126 Hebrum.

89 2147 170 2212 Cum
193 2148 271 2211 duce
294 2151 437 2212 mutatae
460 2148 552 2211 vires.
598 2148 755 2232 Byzantia
778 2150 878 2213 robur
1048 2167 1100 2216 415

86 2236 197 2322 Fregit
220 2236 363 2300 luxuries
386 2235 613 2320 Ancyranique
636 2237 801 2321 triumphi.

85 2324 163 2388 Non
183 2325 323 2409 peditem
345 2325 506 2409 praecedit
529 2347 639 2410 eques,
661 2347 728 2389 non
751 2325 917 2390 commoda
941 2327 1055 2390 castris

87 2412 231 2498 Eligitur
253 2414 359 2499 regio,
382 2413 507 2477 vicibus
531 2413 676 2477 custodia
698 2414 798 2477 nullis

86 2499 253 2587 Advigilat
276 2502 379 2585 vallo,
401 2523 468 2565 non
490 2501 699 2584 explorantur
723 2499 844 2564 eundae

86 2589 308 2673 Vitandaeque
331 2590 414 2672 viae,
436 2589 527 2651 nullo
551 2610 585 2652 se
608 2610 728 2653 cornua
750 2590 885 2652 flectunt
1046 2606 1099 2656 420

87 2675 218 2742 Ordine:
243 2677 369 2741 confusi
392 2676 512 2759 passim
535 2697 592 2759 per
616 2698 715 2760 opaca
737 2679 897 2762 vagantur

86 2765 217 2851 Lustra,
240 2787 297 2850 per
319 2765 449 2849 ignotas
473 2768 612 2849 angusto
635 2765 765 2828 tramite
788 2764 896 2828 valles.

86 2853 139 2918 Sic
162 2855 255 2918 vacui
278 2852 412 2918 rectoris
436 2852 523 2937 equi,
546 2852 592 2916 sic
616 2852 695 2916 orba
717 2852 873 2939 magistro

85 2941 202 3006 Fertur
224 2944 259 3006 in
282 2942 456 3025 abruptum
479 2962 568 3027 casu,
590 2962 658 3005 non
681 2940 782 3005 sidere
805 2942 936 3025 puppis3

87 3029 140 3094 Sic
163 3032 229 3095 ruit
251 3032 286 3095 in
308 3052 404 3114 rupes
428 3030 546 3094 amisso
569 3029 657 3113 pisce
680 3029 783 3093 sodali
1048 3047 1102 3097 425

86 3118 200 3204 Belua,
224 3120 392 3183 sulcandas
416 3119 472 3201 qui
494 3119 643 3202 praevius
666 3118 777 3182 edocet
799 3117 901 3182 undas

86 3205 334 3291 Inmensumque
357 3229 454 3291 pecus
477 3228 594 3290 parvae
616 3206 832 3270 moderamine
855 3206 973 3271 caudae

86 3294 256 3379 Temperat
280 3300 311 3360 et
334 3299 427 3359 tanto
451 3295 619 3381 coniungit
642 3293 770 3358 foedera
792 3299 952 3378 monstr03

85 3382 147 3447 Illa
169 3388 261 3448 natat
284 3384 419 3448 rationis
442 3385 536 3466 inops
561 3386 592 3446 ct
616 3403 708 3446 caeca
729 3383 895 3467 profundi3

86 3470 155 3536 Iam
178 3473 330 3537 brevibus
354 3473 508 3557 deprensa
531 3471 621 3535 vadis
644 3471 757 3557 ignara
780 3472 897 3536 reverti
1047 3488 1100 3538 430

140 3585 282 3628 Garanum
296 3585 362 3637 000,
377 3585 411 3626 ed.
426 3585 513 3626 Koch.
874 3582 893 3630 0)
