2392 3870
429 711 768 786 PANEOYRIOVS

139 854 312 929 DIOTVS
340 855 528 928 MANLIO
559 854 812 927 THEODORO
842 854 1058 928 CONSVLI.

374 1025 375 1028 ¹
477 1032 716 1094 PRAEFATIO.

549 1167 647 1238 (rvr.)

89 1275 289 1362 Audebisne,
313 1297 439 1362 precor,
462 1281 572 1342 tantae
596 1276 740 1341 subiecta
764 1281 923 1363 catervae,

134 1364 224 1428 Inter
245 1369 296 1429 tot
319 1387 480 1451 proceres,
502 1369 615 1430 nostra
638 1365 766 1450 Thalia,
788 1365 900 1449 loqui?

89 1453 159 1518 Nee
182 1458 215 1517 te
238 1454 324 1518 fama
347 1458 449 1539 vetat,
471 1476 547 1518 vero
572 1476 668 1538 quam
692 1454 808 1518 celsius
831 1457 959 1519 auctam

135 1542 197 1607 Vel
221 1564 364 1607 servasse
386 1543 481 1607 labor
502 1543 554 1607 vel
576 1543 731 1606 minuisse
754 1543 882 1626 pudor?

88 1630 143 1695 An
165 1631 227 1696 tibi
250 1632 412 1696 continuis
436 1632 536 1696 crevit
558 1631 675 1695 fiducia
699 1632 813 1696 castris
1088 1648 1105 1698 ὅ

134 1719 280 1803 Totaque
303 1721 368 1784 iam
390 1721 474 1784 vatis
497 1724 629 1804 pectora
651 1720 743 1784 miles
766 1719 887 1784 habet?

89 1896 239 1961 Oulmina
261 1896 401 1961 Romani
423 1897 687 1981 maiestatemque
711 1903 841 1962 senatus

134 1985 192 2070 Et,
216 1985 334 2069 quibus
358 1986 482 2050 exultat
506 1985 625 2072 Gallia,
649 2008 741 2050 cerne
764 1987 859 2052 viros

89 2073 247 2138 Omnibus
271 2074 419 2138 audimur
441 2075 537 2139 terris
559 2076 734 2159 mundique
756 2097 814 2160 per
836 2097 930 2140 aures

132 2161 264 2227 Ibimus.
310 2162 364 2227 Ah
386 2163 506 2228 nimius
530 2164 672 2229 consulis
694 2168 789 2250 urget
813 2167 915 2229 amor!
1071 2182 1104 2230 lo

87 2339 246 2426 Iuppiter,
268 2346 305 2405 ut
328 2341 513 2426 perhibent,
536 2341 677 2425 spatium
701 2362 774 2405 cum
797 2341 917 2405 discere
940 2340 1037 2404 vellet

132 2429 276 2495 Naturae
299 2430 392 2515 regni
413 2431 542 2494 nescius
564 2431 634 2513 ipse
657 2429 722 2513 sui,

87 2516 275 2604 Armigeros
298 2519 461 2600 utrimque
485 2518 565 2580 duos
589 2517 778 2600 aequalibus
801 2515 862 2579 alis

132 2607 223 2670 Misit
247 2606 288 2669 ab
311 2605 392 2668 Eois
415 2603 628 2688 Occiduisque
650 2605 765 2690 plagis,

86 2695 250 2760 Parnasus
273 2693 419 2779 geminos
443 2693 546 2756 fertur
567 2693 711 2756 iunxisse
733 2691 875 2779 volatus3
1069 2710 1104 2759 15

134 2783 280 2848 Contulit
303 2783 443 2846 alternas
465 2780 605 2864 Pythius
628 2781 697 2845 axis
721 2802 803 2846 aves.

87 2961 241 3044 Princeps
264 2983 331 3025 non
354 2959 472 3043 aquilis
494 2964 597 3024 terras
622 2980 814 3045 cognoscere
837 2963 940 3044 curat3

134 3049 260 3114 Oertius
282 3050 318 3113 in
340 3049 434 3113 vobis
457 3049 606 3113 aestimat
628 3048 807 3132 imperium.

87 3138 160 3202 Hoc
183 3160 243 3224 ego
268 3138 404 3202 concilio
429 3138 600 3202 collectum
623 3137 740 3201 metior
763 3136 887 3221 orbem3

132 3226 205 3291 Hoc
227 3227 319 3291 video
344 3231 438 3291 coetu
461 3226 618 3310 quidquid
640 3225 760 3309 ubique
782 3225 888 3290 micat.
1069 3246 1103 3295 20

140 3552 281 3595 Onavnrm
295 3552 358 3606 Oria,
376 3555 410 3594 ed.
425 3552 510 3594 Koch.
872 3551 892 3599 A
