2392 3870
81 142 147 204 ‘210
405 137 551 193 CLAVDll
568 136 771 193 curvamur

83 306 186 386 Seque
210 302 298 365 velut
322 302 465 365 clausum
489 301 626 384 laqueis:
649 300 709 365 sub
733 306 880 385 pectore
906 306 1030 373 furtim
1070 327 1116 374 415

82 393 220 455 11111111
244 395 276 453 11
299 390 433 453 nimium
456 411 559 473 prono
583 390 707 454 fervore
729 391 863 474 petitae

82 480 149 543 lam
175 480 263 562 piget
287 476 412 563 ltaliae,
436 483 626 561 sperataque
648 479 751 543 Roma
776 481 894 546 teneri

84 569 161 631 Visa
184 567 305 651 procul.
342 567 453 653 Magni
477 567 616 631 subeimt
638 566 702 631 iam
724 569 837 633 taedia
866 574 997 658 coepti.
1117 631 1120 638 .

84 658 232 721 (lcarrltat
255 661 364 719 tamen
387 678 440 720 ore
463 660 585 720 metum
606 656 795 740 primosque
820 680 976 728 suorum

84 747 275 810 Consultare
300 744 388 808 iubet
412 745 507 809 bellis
530 745 685 828 annisque
707 747 886 814 verendos.
1073 773 1118 822 480

85 835 242 920 Crinigeri
266 835 374 897 sedere
397 838 519 919 patres,
542 834 655 917 pellita
679 833 838 899 Getarum

85 925 193 1007 Curia,
218 945 298 1005 quos
320 923 427 1008 plagis
451 923 578 986 decorat
600 944 770 987 numerosa
796 923 952 993 cicatrix

82 1014 127 1076 Et
150 1012 305 1074 tremulos
329 1012 412 1096 regit
435 1010 529 1075 hasta
552 1011 670 1097 gradus
694 1015 726 1075 et
748 1011 875 1078 nititur
903 1019 991 1085 altis

82 1102 146 1164 Pro
170 1101 285 1163 baculo
310 1100 414 1163 contis
436 1122 503 1164 non
525 1105 689 1164 exarmata
712 1105 876 1168 senectus.

82 1190 145 1253 Hic
169 1189 285 1271 aliquis
309 1190 438 1274 gravior
461 1192 554 1274 natu,
577 1190 628 1253 cui
650 1189 789 1273 plurima
814 1190 924 1259 dictis
1070 1217 1115 1266 485

85 1278 299 1360 Consiliisque
323 1278 415 1362 fides,
439 1278 561 1342 defixus
584 1278 706 1342 lumina
728 1282 836 1342 terrae

85 1367 342 1449 Concutiensque
366 1388 489 1430 comam
514 1367 691 1450 capuloque
714 1366 855 1432 adclinis
881 1371 1040 1442 eburno:
1125 1410 1128 1416 ·

151 1455 196 1520 ‘Si
219 1477 441 1519 numero-non
463 1456 571 1519 fallor’
595 1457 641 1520 ait
664 1454 840 1520 ‘tricesima
865 1463 985 1530 currit

83 1545 202 1608 Bruma
225 1546 300 1629 fere,
324 1544 470 1627 rapidum
487 1549 661 1627 postquam
678 1545 932 1614 transnavimus
953 1552 1117 1641 Histmm,

82 1635 324 1716 Romanamque
347 1656 477 1697 manum
499 1633 599 1698 tantis
623 1633 780 1697 eludimus
804 1636 917 1703 annis,
1068 1663 1115 1710 490

84 1722 146 1786 Sed
168 1746 344 1805 numquam
367 1722 497 1786 Mavors
521 1722 598 1786 adeo
623 1721 814 1786 constrinxit
838 1723 876 1787 in
902 1734 1027 1798 artum

83 1812 161 1893 ltes,
184 1810 326 1895 Alarice,
349 1815 430 1875 tuas.
467 1811 528 1875 Per
551 1816 602 1875 tot
625 1810 799 1878 certamina
822 1811 929 1880 docto

84 1900 182 1962 Crede
207 1900 288 1984 seni,
312 1900 367 1982 qui
390 1905 421 1963 te
445 1905 555 1964 tenero
578 1900 646 1963 viee
668 1900 771 1984 patris
795 1899 835 1962 ab
862 1924 952 1970 aevo

84 1988 253 2050 (testatum
276 2011 375 2069 parva
399 1989 514 2052 solitus
538 1990 655 2053 donare
678 1988 829 2072 pharetra

82 2076 190 2157 Atque
214 2080 324 2157 aptare
348 2077 460 2140 breves
484 2079 602 2141 umeris
625 2077 803 2161 puerilibus
827 2099 948 2147 arcus:
1069 2106 1119 2156 495

84 2164 184 2245 Saepe
208 2164 336 2245 quidem
359 2165 480 2227 frustra
502 2167 629 2253 monui,
653 2170 796 2230 servator
818 2170 856 2229 ut
881 2168 946 2234 icti

82 2252 233 2317 Foederis
256 2251 409 2315 Emathia
432 2257 522 2316 tutus
545 2255 661 2319 tellure
684 2277 840 2340 maneras3

84 2342 145 2406 Sed
169 2342 321 2425 quoniam
345 2342 464 2406 calidae
488 2343 596 2425 rapuit
619 2348 651 2407 11
674 2346 803 2408 flamma
825 2344 1005 2439 iuventae,

82 2432 177 2498 Nunc
202 2433 329 2517 saltem,
353 2431 380 2495 si
405 2454 480 2495 cura
503 2432 564 2495 tibi
587 2437 695 2497 manet
717 2434 784 2497 ulla
807 2436 961 2524 tuorum,

82 2521 143 2585 His
168 2521 317 2586 claustris
341 2521 454 2607 evade,
477 2544 603 2606 precor,
627 2522 764 2605 dumque
788 2522 920 2607 agmina
944 2527 1072 2618 longe,

81 2611 167 2674 Dum
190 2612 278 2695 licet,
301 2610 467 2694 Hesperiis
490 2632 641 2693 praeceps
665 2611 790 2675 elabere
813 2610 924 2698 terris',
1060 2639 1115 2689 501

81 2700 131 2763 Ne
154 2722 238 2764 nova
261 2700 406 2782 praedari
431 2699 560 2785 cupiens
584 2704 616 2762 et
639 2704 732 2782 parta
754 2721 891 2782 reponas
1040 2696 1044 2702 ’

81 2788 272 2870 Pastorique
295 2789 391 2871 lupus
415 2790 570 2853 scelerum
594 2788 709 2852 delicta
731 2789 876 2871 priorum

6 2897 10 2905 ’
81 2875 172 2940 Intra
196 2880 306 2958 saepta
329 2878 408 2941 luas.
446 2877 529 2953 Quid
551 2877 694 2959 palmitis
717 2878 797 2940 uber
818 2876 969 2964 Etrusci,

83 2964 167 3040 Quid
189 2964 269 3028 mihi
291 2965 497 3048 nescioquam
520 2966 650 3049 proprio
675 2988 747 3030 cum
771 2964 934 3048 Thybride
957 2967 1113 3041 Romam

83 3053 214 3135 Semper
236 3053 271 3117 in
295 3076 348 3117 ore
372 3055 479 3140 geris?
516 3054 672 3118 Referamt
697 3055 724 3117 si
747 3077 822 3118 vera
844 3060 1018 3146 parentas,
1054 3083 1111 3131 506

82 3142 175 3204 Hanc
198 3142 310 3205 urbem
333 3143 446 3207 insano
470 3144 579 3206 nullus
604 3144 659 3226 qui
681 3143 785 3207 Marte
808 3142 923 3225 petivit
1029 3146 1039 3167 ‘

80 3231 233 3294 Laetatus
257 3231 395 3295 violasse
419 3233 513 3317 redit3
535 3255 594 3296 nec
616 3233 748 3296 numina
772 3232 877 3295 sedem

80 3320 283 3383 Destiturmt:
307 3319 426 3383 iactata
448 3322 561 3402 procul
585 3320 734 3385 dicuntur
756 3321 791 3385 in
812 3321 940 3384 hostem

79 3408 228 3473 Fulmina
253 3407 414 3491 divinique
437 3410 548 3472 volant
570 3432 629 3492 pro
652 3411 820 3473 moenibus
844 3410 949 3496 ignes,
1048 3433 1108 3486 510

81 3498 144 3562 Seu
168 3499 289 3563 caelum
314 3520 370 3561 seu
393 3497 496 3561 ltoma
519 3503 619 3565 tonat.
657 3497 691 3563 Si
714 3499 831 3563 temnis
854 3498 1051 3593 Olympum,
