2392 3870
58 165 194 237 (XXXV.)
208 164 256 218 DE
271 163 393 219 RAPTV
403 162 607 218 PROSERPIN
613 163 658 216 ΑΕ
672 163 782 217 LIBER
792 163 990 222 SECVNDVS.
1011 166 1076 230 2Ῑ9

130 327 194 392 ‘Sis
217 349 341 391 memor
364 348 382 390 o
405 326 603 412 longumque
626 327 706 391 vale.
742 326 936 392 Reverentia
958 328 1061 411 patris

62 416 201 481 Obstitit
225 415 362 499 auxilio,
383 437 442 479 nec
464 437 525 478 nos
549 415 717 479 defendere
740 419 853 479 contra
1027 434 1079 483 ⁶235

62 506 253 570 Possumus:
276 504 412 588 imperio
436 503 523 569 vinci
544 504 666 568 maiore
688 505 836 569 fatemur.

61 593 157 659 Inte
180 594 327 658 coniurat
350 592 479 679 genitor
501 594 686 677 populoque
712 593 821 658 silenti

61 683 225 768 TraderiS,
248 683 324 746 heu!
348 682 480 766 cupidas
502 704 570 746 non
593 682 783 766 adspectura
807 704 934 747 sorores

61 771 303 856 Aequalemque
327 771 468 836 chorum.
507 770 595 848 Quae
617 775 650 835 te
673 772 805 836 fortuna
828 772 976 855 supernis

61 860 209 926 Abstulit
234 865 266 924 et
288 864 381 924 tanto
406 860 570 924 damnavit
594 860 698 924 sidera
721 861 834 924 luctu?
1027 879 1079 928 240

61 949 131 1015 Iam
153 972 258 1033 neque
280 949 464 1013 Partheniis
487 949 650 1013 innectere
672 950 755 1013 retia
777 949 891 1013 lustris

60 1037 130 1104 Nec
152 1039 338 1122 pharetram
361 1042 489 1123 gestare
512 1038 605 1101 libet:
630 1059 761 1101 securus
784 1038 904 1120 ubique

61 1126 196 1211 Spumet
220 1148 296 1210 aper
320 1126 470 1209 saevique
493 1126 631 1189 fremant
654 1126 785 1209 impune
808 1127 926 1190 leones.

61 1215 107 1279 Te
129 1215 207 1301 iuga
231 1215 383 1300 Taygeti,
405 1215 514 1297 posito
538 1218 571 1278 te
593 1213 741 1278 Maenala
763 1214 887 1278 flebunt

59 1304 190 1368 Venatu
213 1307 401 1386 maestoque
425 1303 480 1367 diu
502 1303 655 1389 lugebere
680 1302 816 1387 Cyntho.
1026 1321 1079 1371 245

60 1392 219 1476 Delphica
243 1393 322 1476 quin
345 1392 443 1456 etiam
466 1392 576 1455 fratris
600 1391 733 1456 delubra
755 1392 931 1457 tacebunt?

128 1479 254 1545 Interea
277 1481 400 1546 volucri
423 1482 527 1545 fertur
548 1481 742 1565 Proserpina
765 1503 861 1545 curru

62 1570 243 1634 Caesariem
266 1570 382 1634 diffiisa
404 1569 494 1635 Noto
516 1570 713 1654 planctuque
735 1571 873 1634 lacertos

61 1658 222 1723 Verberat
245 1663 277 1722 et
301 1663 435 1742 questus
459 1659 500 1722 ad
520 1659 634 1723 nubila
656 1659 762 1722 tendit
785 1659 910 1725 inanes:

130 1747 208 1812 ‘Cur
228 1770 296 1812 non
318 1748 445 1812 torsisti
467 1747 618 1811 manibus
641 1747 800 1811 fabricata
824 1747 1002 1832 Cyclopum
1026 1763 1078 1815 250

61 1835 101 1900 lu
122 1859 183 1900 nos
206 1837 286 1921 tela,
307 1837 422 1920 pater?
459 1834 512 1901 Sic
534 1860 586 1901 me
610 1836 793 1900 crudelibus
815 1837 940 1900 umbris

61 1925 213 2012 Tradere,
237 1925 283 1989 sic
305 1930 377 1989 toto
400 1925 522 2008 placuit
546 1926 704 2009 depellere
726 1926 869 1989 mundo?

60 2013 202 2079 Nullane
225 2018 258 2079 te
280 2014 383 2079 flectit
405 2014 510 2098 pietas
531 2014 734 2098 nihilumque
756 2018 909 2098 paternae

61 2101 182 2167 Mentis
205 2103 312 2168 inest?
349 2102 470 2167 Tantas
495 2125 558 2186 quo
583 2103 716 2167 crimine
739 2104 899 2168 movimus
922 2103 1010 2167 iras?

60 2191 138 2257 Non
161 2215 235 2278 ego,
259 2214 331 2256 oum
354 2192 467 2276 rapido
493 2193 629 2257 saeviret
651 2192 792 2279 Phlegra
815 2194 972 2278 tumultu,
1024 2209 1099 2258 ato·

61 2278 162 2366 Signa
185 2281 254 2346 deis
277 2281 410 2346 adversa
432 2281 509 2368 tuli3
530 2304 598 2346 non
619 2282 737 2346 robore
758 2286 872 2346 nostro

61 2367 143 2433 Ossa
165 2370 357 2454 pruinosum
379 2370 467 2434 vexit
490 2370 638 2457 glacialis
663 2368 845 2453 Olympum.

61 2456 155 2534 Quod
178 2463 293 2524 conata
316 2460 407 2523 nefas
431 2463 488 2523 aut
511 2460 602 2523 cuius
626 2459 754 2522 conscia
778 2457 890 2541 culpae

59 2546 148 2611 Exul
171 2548 211 2611 ad
233 2548 378 2612 inmanes
402 2547 502 2611 Erebi
525 2546 677 2610 detrudor
699 2546 832 2609 hiatus?

59 2633 87 2698 Ο
112 2636 294 2699 fortunatas
318 2636 374 2698 alii
398 2656 616 2718 quascumque
638 2634 742 2698 tulere
1024 2650 1077 2702 260

59 2722 234 2806 Raptoresl
258 2724 373 2787 saltem
397 2723 560 2787 communi
583 2723 651 2786 sole
674 2723 834 2787 fruuntur.

60 2809 124 2876 Sed
145 2811 228 2876 mihi
249 2812 422 2898 virginitas
445 2811 567 2896 pariter
590 2812 776 2895 caelumque
798 2815 949 2898 negatur,

58 2900 209 2984 Eripitur
231 2923 304 2965 cum
326 2901 397 2964 luce
419 2901 537 2987 pudor,
559 2901 719 2984 terrisque
741 2900 863 2964 relictis

59 2989 223 3055 Servitum
246 2988 361 3076 Stygio
385 2990 485 3054 ducor
508 2989 634 3075 captiva
657 2994 804 3073 tyranne.

60 3076 86 3141 Ο
110 3079 194 3143 male
217 3078 327 3143 dilecti
350 3079 446 3143 flores
469 3079 682 3165 despectaque
704 3079 818 3142 matris
1024 3096 1077 3147 265

61 3166 216 3233 Consilial
241 3190 259 3232 o
283 3167 419 3233 Veneris
442 3169 616 3252 deprensae
640 3167 743 3231 serius
766 3169 864 3231 artes!

59 3254 177 3340 Mater,
199 3257 246 3322 io!
270 3279 327 3322 seu
349 3261 382 3321 te
405 3257 558 3343 Phrygiis
580 3257 616 3320 in
637 3256 778 3320 vallibus
801 3255 876 3320 Idae

58 3343 236 3431 Mygdonio
259 3346 366 3410 buxus
390 3347 606 3410 circumsonat
629 3345 760 3408 horrida
783 3349 894 3430 cantu,

59 3431 123 3497 Seu
146 3438 184 3497 tu
206 3435 393 3521 sanguineis
416 3435 577 3498 ululantia
598 3434 761 3518 Dindyma
785 3433 894 3500 Gallis

58 3519 179 3586 lncolis
202 3527 235 3586 et
258 3524 391 3588 strictos
415 3523 570 3587 Curetum
592 3523 726 3608 respicis
750 3544 855 3587 enses:
1025 3540 1079 3588 270
