2392 3870
116 163 161 228 88
441 162 588 219 cunvnn
608 164 808 220 OLAVDIANI

186 325 266 402 Quis
289 347 365 389 vero
389 326 514 390 acerbis
537 325 700 390 horridior
724 327 854 411 Scythis

118 413 198 490 Quis
222 414 390 479 beluarum
413 414 507 478 corde
530 411 703 501 fruentior,

859 380 868 414 7

117 500 193 587 Qui,
217 524 289 567 cum
311 502 484 567 micantem
506 506 539 566 te
561 524 662 587 prope
684 503 815 590 viderit,

115 589 193 655 Non
216 594 305 674 optet
328 590 415 654 ultro
440 590 607 655 servitium
630 592 713 676 pati,

118 678 180 755 Qui
202 700 269 742 non
292 682 420 742 catenas
445 679 584 762 adripiat
606 679 712 743 libens

118 766 273 850 colloque
295 771 409 851 poscat
432 767 561 831 vincula
583 768 712 832 libero?

116 855 166 919 Tu
190 855 218 918 si
240 855 359 920 nivalis
381 878 439 939 per
461 856 538 942 iuga
563 855 697 920 Caucasi

117 944 235 1009 Saevas
257 944 394 1027 petisses
417 944 551 1029 pulcher
573 942 769 1031 Amazonas,

116 1032 244 1096 Peltata
266 1054 392 1118 pugnas
417 1033 574 1097 desereret
598 1033 714 1097 cohors

117 1120 202 1186 Seru
225 1125 367 1205 recept03
389 1121 493 1205 patris
517 1125 548 1185 et
571 1122 729 1186 inmemor

116 1209 205 1274 Inter
228 1210 400 1274 frementes
423 1209 603 1294 Hippolyte
618 1210 722 1273 'tubas

117 1297 270 1363 Strictum
294 1299 432 1363 securim
453 1298 607 1384 languida
629 1303 764 1381 poneret

115 1387 161 1451 nt
184 1386 351 1451 seminudo
373 1390 503 1470 pectore
527 1386 693 1472 cingulum

115 1474 208 1539 Forti
230 1479 384 1562 negatum
408 1475 546 1539 solveret
569 1474 716 1560 Herculi,

49 1617 52 1622 .
115 1563 306 1647 Bellumque
330 1564 419 1627 solus
443 1564 612 1627 conficeret
636 1563 737 1628 decor.

182 1651 298 1737 Beata,
322 1674 403 1735 quae
426 1656 458 1716 te
481 1674 556 1716 mox
579 1651 676 1715 faciet
699 1651 805 1715 virum

114 1738 300 1822 Primisque
324 1763 393 1805 sese
415 1741 528 1826 iunget
552 1739 724 1804 amoribus.

555 2070 588 2125 u.
606 2071 694 2142 (1111.)

329 2177 400 2264 Age
424 2183 537 2243 cuncta
560 2179 700 2262 nuptiali

418 2266 581 2332 Redimita
603 2289 676 2331 vere
699 2269 796 2333 tellus

421 2355 554 2420 Celebre
576 2360 667 2420 toros
691 2357 799 2440 eriles3

374 2444 476 2509 Omne
498 2466 611 2508 nemus
635 2467 707 2509 curn
729 2445 852 2532 fluviis,

419 2532 520 2597 Omne
544 2537 637 2597 canat
659 2533 863 2618 profundum.

330 2624 467 2710 Ligures
490 2622 594 2686 favete
618 2623 736 2708 campi,

418 2710 536 2775 Veneti
560 2712 664 2775 favete
687 2714 827 2797 montes,

419 2799 609 2883 Subitisque
632 2821 666 2863 se
688 2799 805 2863 rosetis

374 2886 503 2952 Vestiat
525 2887 666 2972 Alpinus
689 2909 770 2972 apex

419 2976 463 3041 Et
486 2977 622 3040 rubeant
644 2976 787 3059 pruinae.

330 3063 463 3129 Athesis
487 3068 609 3149 strepat
632 3064 758 3128 choreis

420 3152 623 3237 calamisque
646 3153 808 3217 flexuosus

418 3242 502 3305 Leve
524 3240 664 3306 Mincius
689 3247 833 3307 susurret

374 3330 419 3394 Et
442 3330 548 3394 Padus
573 3330 762 3394 electriferis

419 3416 655 3483 Admoduletur
677 3418 774 3501 alnis3

330 3505 511 3591 Epuh'sque
535 3507 599 3571 iarn
622 3507 745 3591 repleto
