2392 3870
428 773 763 847 PANEGYRIOVS

90 920 153 992 Du
170 918 344 992 TERTIO
361 915 645 990 CONSVLATV
664 915 867 988 HONORII
882 914 1105 989 AVGVSTI.

480 1093 716 1157 PRAEFATIO.

560 1229 634 1298 (vi.)
754 1282 758 1288 .

88 1338 210 1403 Parvos
233 1361 299 1403 nen
322 1339 441 1421 aquilis
464 1340 514 1402 fas
537 1342 586 1402 est
609 1336 741 1401 educere
763 1338 850 1401 fetus

133 1427 219 1491 Ante
242 1428 337 1491 fidem
361 1428 440 1491 solis
464 1427 682 1509 iudiciumque
705 1426 780 1510 poli.

88 1516 176 1580 Nam
198 1521 302 1601 pater,
326 1539 343 1580 e
367 1516 468 1580 scisso
493 1515 590 1579 saluit
614 1537 686 1578 eum
709 1514 851 1600 tegmine
874 1514 982 1598 proles

133 1604 263 1688 Ovaque
286 1610 451 1669 maternus
474 1604 563 1688 rupit
585 1603 694 1667 hiulca
717 1608 823 1687 tepor,

87 1692 242 1757 Protinus
265 1694 436 1777 implumes
460 1692 619 1756 convertit
643 1693 683 1755 ad
706 1692 836 1756 aethera
858 1690 953 1754 nidos
1084 1709 1100 1756 5

132 1781 177 1845 Et
201 1786 288 1844 recto
311 1782 457 1844 flammas
483 1781 620 1864 imperat
644 1803 698 1845 ore
722 1781 798 1865 pati.

88 1869 238 1933 Consulit
262 1869 409 1933 ardentes
432 1869 538 1933 radios
563 1874 594 1933 et
617 1870 688 1933 luce
711 1870 868 1956 magistra

131 1957 292 2023 Natorum
315 1958 400 2021 vires
424 1958 654 2045 ingeniumque
677 1959 802 2043 probat.

86 2047 285 2132 Degenerem
308 2046 422 2133 refugo
444 2047 543 2111 torsit
567 2047 624 2131 qui
646 2048 768 2111 lumine
790 2047 910 2131 visum,

131 2134 304 2221 Vnguibus
327 2136 413 2200 hune
436 2136 541 2200 saevis
564 2136 613 2199 ira
635 2141 769 2220 paterna
792 2137 876 2200 ferit.
1068 2151 1101 2201 10

72 2223 318 2307 ,Exploratores
342 2225 445 2288 oeulis
469 2225 526 2308 qui
548 2225 684 2308 pertulit
706 2225 798 2310 ignes

132 2311 357 2396 sustinuitque
381 2314 449 2377 acie
471 2313 633 2377 nobiliore
657 2313 755 2397 diem,

84 2398 241 2464 Nutritur
263 2402 494 2485 volucrumque
517 2406 633 2485 potens
656 2406 688 2465 et
712 2400 858 2464 fulminis
881 2399 988 2482 heres,

132 2488 288 2552 Gesturus
313 2512 438 2553 summo
461 2490 527 2553 tela
549 2490 684 2553 trisulca
707 2488 785 2552 Iovi.

86 2576 140 2641 Me
164 2600 291 2661 quoque
313 2577 432 2641 Pieriis
455 2581 648 2660 temptatum
672 2576 800 2660 saepius
824 2575 927 2639 antris
1068 2593 1100 2642 15

129 2666 236 2730 Audet
258 2688 376 2752 magna
400 2687 458 2728 suo
481 2665 611 2728 mittere
633 2665 737 2728 Roma
760 2664 827 2728 deo.

84 2751 154 2817 Iam
178 2755 324 2818 dominas
348 2777 454 2839 auree,
478 2754 542 2817 iam
565 2753 655 2839 regia
677 2757 763 2816 tecta
785 2775 945 2817 meremur

129 2843 174 2906 Et
198 2843 307 2926 chelys
330 2843 480 2930 Augusto
504 2841 608 2906 iudice
630 2845 742 2905 nostra
765 2846 867 2906 sonat.

156 3041 172 3087 3
193 3053 207 3089 e
227 3036 325 3107 scisso]
344 3038 442 3106 scripsi
446 3060 457 3104 ‚·
475 3052 599 3090 excusso.

485 3322 698 3330 ..ι-*-
