2392 3870
79 136 121 204 (1.)
141 134 326 190 ramora.
345 135 475 196 ororvs
494 135 656 191 55551115
675 135 722 189 ar
741 135 904 191 51111515
924 135 1017 192 coss.
1050 135 1071 201 5

57 297 294 362 Sarmaticosve
316 297 386 381 pati
408 297 515 362 medio
539 298 599 361 sub
623 297 745 384 frigore
770 298 905 383 Cauros,

56 385 99 450 Si
116 391 162 471 tu,
184 386 298 471 Roma,
321 386 416 471 velia,
438 409 498 472 pro
521 391 553 450 55
578 408 795 470 quascumque
817 409 875 472 per
898 409 971 451 oras

55 473 181 539 Ibimus
204 479 237 538 et
258 475 349 539 nulla
372 475 433 539 sub
456 479 647 560 tempestate
670 475 822 540 timentes

57 563 209 628 Solstitio
232 563 373 649 Meroen,
396 564 511 628 bruma
533 564 765 647 temptabimus
787 564 962 628 Histrum'.
1020 579 1072 630 135

124 651 207 716 ’111111
230 652 343 738 regina
365 653 476 717 refert:
501 652 593 717 ‘Non
615 675 666 716 me
688 653 778 738 latet,
800 653 912 717 inclite
935 657 1050 738 rector,

57 739 151 817 Quod
173 744 231 805 tua
253 761 312 825 pro
335 741 431 805 Latio
454 741 602 806 victricia
625 745 730 806 castra
752 741 903 806 laborant

55 828 126 894 Nec
150 829 237 913 quod
259 829 428 894 servitium
451 851 563 893 rursus
585 829 765 913 Furiaeque
788 830 924 893 rebelles

55 918 229 982 Edomitae
252 918 385 1002 paribus
409 919 469 982 sub
493 922 525 982 te
549 918 690 982 cecidere
713 918 896 1003 triumphis.

57 1006 121 1071 Sed
142 1028 265 1091 precor,
287 1007 350 1070 hoc
373 1006 493 1072 donum
517 1028 589 1071 cum
611 1007 763 1071 libertate
785 1008 907 1071 recenti
1022 1023 1072 1072 110

56 1094 201 1179 Adicias
224 1095 253 1158 si
275 1117 351 1159 vera
373 1099 482 1159 manet
504 1096 683 1159 reverentia
704 1095 819 1159 nostri.

57 1183 142 1248 Sunt
164 1183 246 1246 mihi
269 1183 427 1267 pubentes
451 1182 518 1247 alto
543 1183 580 1247 de
605 1184 726 1247 semine
748 1184 874 1267 fratres,

55 1271 201 1357 Pignora
224 1293 298 1335 cara
319 1271 429 1356 Probi,
452 1272 536 1335 festa
559 1294 641 1354 quos
664 1273 735 1335 luce
759 1275 883 1336 creatos

55 1360 134 1444 Ipsa
156 1381 227 1422 meo
250 1359 318 1424 fovi
341 1359 474 1446 gremio.
521 1359 689 1424 Cunabula
711 1360 821 1443 parvis

57 1448 135 1532 11155
158 1447 239 1532 dedi,
263 1470 335 1511 cum
356 1448 471 1512 matris
495 1469 577 1512 onus
599 1448 723 1512 Lucina
746 1448 878 1511 beatum
1023 1465 1072 1514 145
1154 1444 1158 1452 ’

58 1537 205 1602 Solveret
228 1540 260 1599 et
282 1558 418 1623 magnos
441 1537 623 1621 proferrent
647 1535 751 1599 sidera
773 1539 895 1620 partus.

56 1625 122 1689 His
145 1646 205 1710 ego
228 1646 287 1689 nec
309 1625 427 1689 Decios
450 1625 604 1710 pulchros
627 1624 768 1688 fortesve
791 1624 941 1688 Metellos

57 1713 282 1796 Praetulerim,
304 1735 379 1798 non,
403 1714 459 1798 qui
481 1714 627 1777 Poenum
651 1712 801 1777 domuere
823 1713 971 1798 ferocem,

57 1800 227 1885 Scipiadas
251 1800 417 1885 Gallisque
440 1824 543 1888 genus
566 1800 665 1866 fatale
689 1801 852 1866 Camillos.

55 1889 177 1954 Pieriis
200 1889 324 1973 pollent
348 1890 465 1955 studiis
488 1889 655 1973 multoque
680 1890 859 1954 redundant
1023 1907 1073 1956 150

56 1978 216 2062 Eloquio3
238 1999 297 2042 nec
320 1977 452 2043 desidiis
476 1977 652 2063 dapibusve
675 1979 797 2062 11515515

56 2066 232 2152 Indulgere
255 2066 344 2131 iuvat
366 2089 425 2132 1155
447 2072 539 2132 tanta
562 2067 694 2131 licentia
716 2067 803 2130 11555

56 2154 192 2239 Adripit
215 2160 271 2218 aut
293 2177 399 2219 mores
423 2160 511 2220 55555
534 2155 656 2219 1555115
678 2156 815 2219 relaxat:

58 2243 124 2308 Sed
146 2243 300 2329 gravibus
324 2244 409 2307 curis
433 2245 576 2308 animum
600 2243 716 2308 5515155
740 2243 873 2307 senilem

56 2330 160 2418 Ignea
181 2330 338 2416 longaevo
361 2332 507 2397 frenatur
530 2331 624 2396 corde
647 2332 806 2396 iuventus.
1024 2346 1073 2395 155

55 2419 141 2504 Illis,
164 2440 260 2502 quam
281 2421 447 2505 propriam
471 2421 591 2484 ducunt
615 2420 655 2484 ab
680 2420 815 2506 origine,
838 2421 958 2483 sortem

57 2507 198 2573 Oramus
220 2509 373 2592 praebere
395 2509 476 2574 velis
500 2508 641 2592 annique
664 2507 810 2572 futurum

56 2596 226 2661 Devoveas
248 2597 408 2661 venientis
431 2598 502 2662 iter.
547 2595 624 2660 Non
647 2596 795 2680 improba
818 2617 927 2680 posco,

55 2684 136 2749 Non
158 2685 286 2748 insueta
309 2685 414 2750 dabis:
438 2686 552 2750 domus
574 2685 654 2748 haec
677 2684 715 2747 de
737 2706 827 2748 more
850 2682 995 2766 requirit.

56 2772 188 2838 Adnue:
211 2773 258 2836 sic
280 2773 377 2838 nobis
400 2773 572 2858 Scythicus
595 2773 770 2837 famuletur
792 2771 926 2856 Araxes,
1023 2788 1074 2837 160

57 2861 114 2926 Sic
137 2860 269 2925 Rhenus
292 2885 350 2946 per
371 2866 545 2946 utrumque
567 2863 663 2946 latus,
685 2860 853 2944 Medisque
877 2860 1021 2924 subactis

57 2949 184 3014 Nostra
208 2948 416 3014 Semiramiae
439 2951 575 3015 timeant
599 2949 742 3034 insignia
765 2952 884 3033 turres,

56 3037 114 3103 Sic
137 3038 216 3102 fluat
240 3039 399 3103 attonitus
422 3039 569 3103 Romana
591 3060 649 3122 per
672 3037 790 3121 oppida
814 3036 967 3122 Ganges'.

125 3125 251 3190 Ductor
273 3126 314 3191 ad
336 3127 427 3192 haec:
453 3126 590 3210 ‘Optata
613 3125 706 3188 iubes
729 3126 880 3208 ultroque
903 3126 1075 3210 volentem,

55 3214 153 3300 Diva,
176 3235 287 3302 rogas3
309 3237 377 3281 non
398 3216 478 3280 haec
500 3214 650 3299 precibus
674 3213 861 3297 temptanda
883 3214 1030 3277 fuissent.

56 3303 171 3386 Vsque
194 3303 315 3368 adeone
337 3326 441 3368 meam
465 3303 607 3367 condunt
631 3301 753 3365 oblivia
775 3307 924 3387 mentem,
1025 3318 1075 3367 156

55 3391 104 3456 Vt
126 3391 239 3478 pigeat
261 3392 448 3456 meminisse
469 3391 581 3475 Probi,
604 3412 668 3474 quo
692 3389 797 3453 iudice
819 3394 924 3453 totam

53 3479 210 3545 Vidimus
232 3477 425 3565 Hesperiam
448 3479 614 3563 fessasque
637 3500 805 3563 resurgere
827 3477 962 3563 gentes?
