2392 3870
70 173 205 244 (XXXV.)
219 173 268 227 DE
278 173 401 227 RAPTV
411 171 664 228 PROSERPINAE
678 171 788 241 LIBER
798 171 997 232 SECVNDVS.
1018 174 1081 238 281

70 336 184 419 Sitque
208 341 315 400 ratum
339 335 563 419 quodcumque
585 335 695 400 voles?
725 366 727 370 ⁷
1106 385 1108 388 .

729 424 819 488 Haeo
841 425 930 489 fatus
954 429 1088 488 ovantes
1135 425 1169 507 *q

70 513 272 577 Exhortatur
295 534 395 596 equos
419 516 451 576 et
473 512 608 576 Tartara
630 512 742 577 mitior
762 513 873 578 intrat.

72 602 275 666 Conveniunt
298 601 432 686 animae,
455 604 593 684 quantas
616 601 791 666 violentior
813 601 934 667 Auster

69 691 202 755 Deoutit
225 690 396 755 arboribus
419 690 550 754 frondes
573 694 630 753 aut
651 691 795 755 nubibus
818 692 939 755 imbres

72 779 207 866 Colligit
229 784 286 844 aut
309 778 432 866 frangIt
454 779 573 843 fluetus
597 784 653 843 aut
676 783 807 863 torquet
830 780 981 867 harenas3
1035 797 1088 847 310

71 867 258 952 Cunctaque
280 867 449 952 praecipiti
472 868 635 951 stipantur
659 870 786 933 saecula
810 892 906 934 eursu

68 956 235 1044 Insignem
257 958 366 1022 visura
390 979 516 1021 nurum.
554 955 632 1020 Mox
654 957 724 1040 ipse
748 980 879 1023 serenus

68 1045 254 1132 Ingreditur
276 1046 366 1109 facili
388 1067 503 1128 passus
527 1045 714 1109 mollescere
737 1047 806 1110 risu

68 1135 313 1217 Dissimilisque
337 1134 395 1197 sui.
433 1133 582 1197 Dominis
605 1133 804 1198 intrantibus
828 1135 943 1221 ingens

68 1222 228 1308 AdsurgIt
250 1220 467 1309 Phlegethon:
490 1221 705 1307 flagrantibus
728 1223 858 1305 hispida
880 1223 960 1287 rivis
1033 1242 1086 1290 315

68 1311 177 1375 Barba
199 1311 307 1374 madet
330 1314 465 1393 totoque
488 1310 594 1374 fluunt
616 1310 763 1374 incendia
785 1311 887 1376 vultu.

138 1398 319 1464 Occurrunt
341 1398 472 1483 properi
494 1399 579 1463 leota
601 1398 640 1462 de
662 1400 757 1483 plebe
779 1400 934 1465 ministri:

69 1489 149 1552 Pars
173 1489 258 1552 altos
281 1491 433 1553 revocant
458 1510 570 1551 currus
593 1488 757 1572 frenisque
781 1489 898 1554 solutis

68 1577 211 1641 Vertunt
234 1577 384 1641 emeritos
408 1577 449 1640 ad
470 1598 590 1660 pasoua
611 1581 690 1640 nota
712 1577 851 1663 iugales3

69 1666 150 1729 Pars
173 1667 285 1730 aulaea
308 1669 433 1750 tenent3
457 1665 514 1728 alii
536 1669 722 1749 praetexere
745 1667 843 1730 ramis

68 1755 198 1818 Limina
221 1759 253 1819 et
276 1755 312 1819 in
333 1754 513 1819 thalamum
536 1754 640 1818 cultas
665 1755 818 1819 extollere
840 1760 955 1821 vestes.

16 1850 20 1856 ’
68 1844 228 1930 Reginam
252 1847 341 1907 casto
365 1843 534 1907 cinxerunt
557 1842 685 1928 agmine
707 1847 827 1908 matres

69 1932 201 2016 Elysiae
224 1936 399 2015 teneroque
422 1932 531 1996 levant
555 1953 701 1996 sermone
724 1932 857 1997 timores

69 2021 115 2085 Et
139 2043 269 2104 sparsos
291 2021 432 2107 religant
455 2020 559 2084 orines
583 2025 615 2084 et
637 2021 783 2085 vultibus
806 2023 927 2087 addunt

69 2109 234 2174 Flammea
259 2110 436 2174 sollicitum
458 2109 681 2193 praeveletura
702 2111 866 2194 pudorem.

136 2198 263 2263 Pallida
285 2199 426 2263 laetatur
448 2198 539 2285 regio
562 2203 740 2285 gentesque
763 2201 907 2284 sepultae

68 2288 249 2352 Luxuriant
272 2288 441 2372 epulisque
463 2293 580 2352 vacant
602 2288 784 2374 genialibus
809 2290 951 2354 umbrae.

70 2376 170 2442 Grata
193 2377 339 2441 coronati
361 2381 522 2464 peragunt
545 2376 692 2441 convivia
715 2376 841 2462 Manes3

68 2466 238 2549 Rumpunt
260 2466 387 2530 insoliti
409 2465 581 2530 tenebrosa
605 2464 735 2528 silentia
758 2468 885 2549 eantus3

70 2554 230 2619 Sedentur
252 2555 401 2641 gemitus.
438 2552 540 2617 Erebi
563 2574 597 2615 se
621 2556 736 2635 sponte
759 2552 883 2616 relaxat

70 2642 210 2726 Squalor
233 2646 265 2705 et
288 2646 452 2705 aeternam
473 2640 599 2724 patitur
621 2660 781 2704 rarescere
803 2645 946 2727 noctem,

68 2731 160 2795 Vrna
181 2751 240 2794 neo
262 2730 402 2793 Incertae
425 2732 533 2792 versat
556 2727 680 2792 Minoia
703 2732 816 2793 sortes.

69 2818 214 2884 Verbera
236 2818 327 2882 nulla
350 2821 467 2881 sonant
489 2816 645 2900 nulloque
667 2817 837 2882 frementia
861 2819 953 2883 luotu

68 2906 173 2991 Impia
197 2907 306 2971 dilatis
328 2906 490 2990 respirant
513 2905 648 2969 Tartara
670 2906 797 2990 poenis:

68 2997 145 3063 Non
168 2999 240 3060 rota
264 3017 456 3080 suspensum
477 3017 630 3079 praeceps
652 2993 767 3059 Ixiona
790 2999 934 3083 torquet3

67 3085 146 3151 Non
168 3108 252 3169 aqua
275 3084 440 3149 Tantaleis
464 3084 655 3148 subducitur
677 3083 786 3150 invida
809 3084 918 3149 labris.

69 3174 215 3240 Solvitur
236 3173 331 3238 Ixion
353 3178 386 3237 et
408 3173 564 3237 Tantalus
587 3172 712 3237 invenit
734 3173 836 3237 undas

68 3262 114 3327 Et
136 3263 251 3346 Tityos
274 3263 404 3327 tandem
428 3261 591 3346 spatiosos
615 3261 711 3347 erigit
735 3265 825 3326 artus

70 3349 319 3435 Squalentisque
341 3373 458 3416 novem
481 3351 602 3414 detexit
625 3350 737 3436 iugera
761 3351 866 3435 campi

1171 520 1183 537 x,

1176 542 1179 551 ,

1178 554 1188 609 'i

85 3440 209 3505 Tantus
233 3438 330 3527 erat),
352 3440 528 3522 laterisque
550 3439 644 3525 piger
667 3439 809 3503 suleator
833 3440 925 3523 opaoi

108 3528 197 3593 vitus
219 3528 362 3593 trahitur
384 3529 471 3592 lasso
496 3527 534 3591 de
556 3531 686 3611 pectore
708 3528 819 3592 vultur
