2392 3870
75 180 114 244 17
120 180 139 244 8
397 178 543 234 CLAVDII
562 176 763 234 CLAVDIANI

74 342 170 408 Nilt
156 346 226 405 tum
250 340 327 405 Cast
329 341 411 404 aliae
435 341 515 404 rivis
539 340 763 405 communibus
786 343 900 408 undae

75 431 270 515 Dissimiles
293 430 351 493 vili
374 451 433 493 nec
458 429 617 512 discrepat
603 430 755 494 tarbore
778 429 908 518 laurus,

75 520 143 583 Ant
129 525 243 619 traque
267 523 390 582 maesta
414 518 511 582 silent
534 517 708 582 inconsult'
683 522 774 600 t1que
797 541 966 588 recessus.

75 608 120 672 At
106 608 173 672 tsi
196 607 347 671 Phoebus
372 606 501 671 adeste
503 606 640 670 tfrenis
663 606 789 692 grypha
813 607 970 694 iugalem
1081 633 1114 681 so

76 696 222 780 Riphaeo
247 695 392 779 tripodas
416 699 563 779 repetens
588 694 723 759 detorsit
747 696 788 759 ab
812 718 884 783 axe,

76 785 166 848 Tunc
190 785 336 869 silvae7t
322 790 401 848 tunc
424 788 479 847 ant
481 806 517 846 ra
539 783 680 868 loqui7t
681 805 744 847 unc
766 783 876 849 vivere
901 786 1034 877 fontes,

76 874 167 937 Tunc
190 895 278 936 sacer
301 871 417 935 horror
440 871 532 955 aquis
556 835 726 955 adytisque
750 873 932 940 effunditur
958 844 1061 945 Eclio

78 961 258 1025 Clariort
226 964 258 1023 et
282 961 356 1023 doct
342 965 394 1023 tae
418 961 543 1044 spirant
565 959 734 1046 praesagia
756 983 861 1062 rupes

76 1050 160 1114 Ecce
182 1048 333 1112 Palatino
358 1049 458 1112 crevit
481 1049 660 1112 reverentia
682 1049 786 1113 monti
1080 1074 1113 1124 35

76 1137 277 1220 Exultatque
300 1137 469 1201 habitante
493 1136 551 1200 deo
574 1137 765 1220 potioraque
788 1137 930 1222 Delphis

77 1226 285 1309 Supplicibus
308 1226 373 1289 late
396 1225 526 1308 populis
551 1226 680 1289 oracula
702 1225 816 1309 pandit

77 1314 186 1398 Atque
211 1337 284 1378 suas
309 1314 350 1377 ad
373 1314 466 1400 signa
489 1313 580 1377 iubet
603 1314 794 1378 revirescere
816 1315 942 1382 laur-us.

143 1402 220 1468 Non
245 1403 344 1467 alium
368 1406 452 1466 certe
477 1401 583 1467 decuit
606 1402 786 1467 rectoribus
809 1403 900 1468 orbis

76 1493 159 1557 Esse
182 1493 292 1577 larem7
314 1492 470 1574 nulloque
493 1491 598 1577 magis
622 1513 656 1555 se
680 1492 762 1555 colle
784 1496 935 1575 potestas
1079 1518 1113 1568 40

77 1581 239 1645 Aestimat
263 1584 295 1644 et
320 1581 437 1644 summi
461 1580 559 1644 sentit
582 1579 716 1666 fastigia
738 1579 827 1644 iuris.

77 1668 242 1734 Attollens
267 1670 391 1753 apicem
415 1668 568 1732 subiectis
591 1668 681 1754 regia
703 1669 819 1732 rostris

77 1758 140 1822 Tot
165 1758 283 1822 circum
307 1758 439 1822 delubra
462 1758 548 1822 videt
571 1757 736 1840 tantisque
759 1757 892 1821 deorum

79 1844 229 1930 Cingitur
252 1847 408 1910 excubiis!
445 1845 539 1910 Iuvat
562 1845 647 1910 infra
669 1849 756 1910 tecta
778 1846 940 1912 Tonantis

79 1934 215 1997 Cernere
239 1934 375 2018 Tarpeia
398 1935 573 2018 pendentes
596 1956 675 2018 rupe
700 1933 857 2020 Gigantas
1077 1959 1110 2009 ιε,

80 2022 290 2104 Caelatasque
314 2025 400 2086 fores
423 2023 600 2106 mediisque
622 2022 767 2087 volantia
790 2023 883 2109 signa

79 2110 232 2175 Nubibus
257 2114 288 2173 et
313 2110 446 2173 densum
471 2112 667 2194 stipantibus
691 2110 821 2176 aethera
843 2113 983 2196 templis

79 2198 230 2281 Arvaque
253 2197 380 2262 vestitis
403 2220 574 2262 numerosa
597 2222 704 2284 puppe
728 2199 885 2264 columnis

81 2287 214 2351 Consita
239 2285 457 2368 subnixasque
480 2286 566 2372 iugis
589 2288 773 2352 inmanibus
797 2288 899 2373 aedes,

78 2376 239 2441 Naturam
263 2375 446 2439 cumulante
469 2398 579 2462 manu,
603 2377 781 2459 spoliisque
803 2377 962 2443 micantes
1004 2412 1008 2416 ·
1076 2402 1111 2452 50

78 2464 269 2529 Innumeros
293 2485 394 2527 arcus.
440 2463 590 2528 Aciest
560 2469 668 2548 sttupe
691 2465 766 2551 igne
789 2464 914 2530 metalli

78 2554 123 2617 Et
148 2553 342 2618 circumfuso
365 2553 612 2653 trepidanst
555 2553 596 2616 ob
598 2553 746 2618 tunditur
769 2576 856 2618 auro.

52 2689 54 2693 s
144 2640 348 2727 Agnoscisne
370 2646 461 2742 tuos7
477 2642 626 2742 princeps
649 2643 840 2729 venerande,
862 2645 1026 2726 penates?

81 2729 172 2792 Haec
195 2733 271 2792 sunt
276 2752 390 2815 7quae
412 2730 527 2814 primis
551 2730 629 2794 olim
651 2730 788 2794 miratus
811 2732 847 2795 in
869 2731 964 2796 annis

78 2818 141 2881 Pat
127 2821 176 2880 tre
199 2818 254 2901 pio
276 2782 478 2882 inonstrante
501 2841 589 2902 puer
632 2817 771 2883 Nilt
715 2825 771 2903 opt
772 2820 857 2883 imus
880 2819 937 2884 illo
1072 2841 1108 2891 55

79 2906 312 2969 Divorumtot
262 2907 474 2971 toomeruit
460 2907 625 2970 tfelicius
649 2929 737 2992 aevo7

81 2994 184 3069 Quam
209 2995 294 3077 quod
318 2995 486 3059 Romuleis
509 2995 613 3059 victor
636 2997 696 3059 sub
720 2997 890 3061 moenibus
913 2997 984 3083 egit

80 3083 124 3146 Te
149 3087 298 3146 consorte
323 3083 390 3147 dies
396 3136 405 3169 7
429 3106 501 3147 cum
525 3106 558 3147 se
581 3085 771 3148 melioribus
795 3085 913 3148 addens

80 3171 248 3254 Exemplis
272 3172 373 3235 civem
397 3176 522 3257 gereret
545 3177 667 3236 terrore
690 3177 825 3258 remote,

80 3260 234 3322 Altemos
259 3281 331 3322 cum
354 3260 447 3344 plebe
470 3261 559 3325 iocos
584 3261 762 3344 dilectaque
785 3283 901 3346 passus
1072 3283 1107 3332 eo
1179 3252 1181 3280 ”

80 3347 191 3432 Iurgia
214 3347 432 3432 patriciasque
456 3349 568 3413 domos
591 3350 781 3433 privataque
804 3349 925 3434 passim

152 3546 187 3594 48
207 3539 350 3609 Arvaque]
370 3556 431 3610 σοι·
449 3540 586 3608 Aeraque.
