2392 3870
101 182 164 246 126
427 175 574 232 CLAVDII
592 175 790 231 CLAVDIANI

99 343 298 426 Obnixisque
323 339 420 404 simul
442 340 544 423 pubes
567 339 668 403 electa
690 337 820 402 lacertis

102 432 268 498 Sidereum
291 432 433 516 gestaret
457 450 547 492 onus.
594 427 647 492 sic
668 427 803 491 numina
825 424 987 509 Memphis
1065 443 1119 492 570

99 520 139 585 ln
160 521 279 605 vulgus
301 517 446 601 proferre
470 516 568 601 solet3
590 516 811 600 penetralibus
835 515 901 578 exit

99 609 251 694 Effigies,
274 607 382 670 brevis
404 606 461 669 illa
485 604 627 688 quidem:
652 605 707 669 sed
729 604 889 688 plurimus
912 603 998 666 infra

97 698 231 783 Liniger
252 695 406 779 imposito
431 694 572 776 suspirat
594 698 685 758 vecte
708 693 857 757 sacerdos

99 787 250 851 Testatus
275 783 390 847 sudore
413 782 520 867 deum,
542 781 687 846 Nilotica
711 783 817 846 sistris

99 875 184 959 Ripa
208 876 301 937 sonat
323 871 524 954 Phariosque
546 872 660 935 modos
683 869 846 957 Aegyptia
870 870 957 934 ducit
1064 889 1116 938 515

99 963 206 1048 Tibia,
230 960 411 1025 summissis
434 959 580 1046 admugit
603 961 755 1024 cornibus
778 958 868 1043 Apis

100 1050 213 1117 Omnis
235 1049 404 1134 nobilitas,
428 1047 532 1111 omnis
555 1052 612 1112 tua
636 1071 725 1112 sacra
748 1049 933 1132 frequentat

99 1139 274 1224 Thybridis
297 1142 329 1202 et
351 1137 437 1201 Latii
461 1137 605 1220 suboles3
628 1139 777 1202 convenit
800 1138 835 1201 in
856 1159 958 1201 unum

102 1227 264 1312 Quidquid
281 1227 317 1291 in
335 1228 413 1290 orbe
431 1225 494 1289 fuit
512 1247 691 1312 procerum,
715 1227 833 1310 quibus
852 1230 965 1291 auctor
982 1226 1118 1292 honoris

100 1317 162 1382 Vel
184 1322 222 1382 tu
245 1316 297 1379 vel
319 1316 456 1402 genitor.
499 1313 681 1379 Numeroso
705 1315 837 1379 consule
860 1315 973 1379 consul
1063 1333 1116 1382 580

103 1405 249 1493 Cingeris
273 1409 305 1469 et
329 1405 434 1468 socios
458 1404 578 1489 gaudes
601 1404 770 1468 admittere
786 1408 910 1488 patres.

100 1493 236 1560 Inlustri
258 1499 292 1558 te
314 1494 405 1577 prole
428 1492 550 1578 Tagus,
572 1496 606 1556 te
630 1491 736 1556 Gallia
759 1493 862 1556 doctis

102 1583 235 1648 Civibus
259 1586 291 1646 et
313 1586 384 1646 toto
409 1581 542 1664 stipavit
564 1580 669 1644 Roma
693 1586 815 1646 senatu.

99 1672 255 1736 Portatur
277 1671 429 1734 iuvenum
452 1669 629 1734 cervicibus
652 1692 748 1734 aurea
772 1670 862 1734 sedes

102 1758 290 1842 Ornatuque
311 1780 396 1822 novo
420 1759 550 1844 gravior
573 1759 659 1823 deus.
704 1758 845 1843 Asperat
867 1757 966 1822 Indus
1064 1775 1117 1825 585

100 1847 292 1912 Velamenta
313 1846 397 1931 lapis
419 1847 625 1930 pretiosaque
647 1847 703 1911 fila
727 1847 905 1934 smaragdis

101 1936 208 2000 Ducta
230 1936 350 2021 virent3
373 1934 575 2018 amethystus
598 1936 682 1999 inest
706 1941 738 2000 et
761 1937 872 2023 fulgor
893 1935 1036 2000 Hiberus

101 2025 272 2109 Temperat
295 2023 420 2087 arcanis
442 2023 609 2106 hyacinthi
633 2027 760 2089 caerula
782 2025 929 2090 flammis.

101 2113 170 2178 Nec
192 2112 281 2176 rudis
304 2112 339 2175 in
360 2111 420 2175 tali
444 2111 569 2176 suffecit
592 2113 698 2198 gratia
720 2119 827 2201 textu,

101 2200 211 2288 Auget
234 2222 310 2264 acus
332 2199 484 2264 meritum
505 2200 766 2286 picturatumque
788 2202 930 2268 metallis
1064 2219 1118 2268 500

101 2289 193 2355 Vivit
217 2311 311 2374 opus:
333 2288 439 2353 multa
462 2293 665 2354 remorantur
686 2291 809 2376 iaspide
831 2293 943 2357 vultus

101 2378 147 2445 Et
169 2379 268 2444 variis
292 2377 394 2461 spirat
416 2376 534 2442 Nereia
556 2378 636 2443 baca
658 2381 782 2467 figuris.

103 2467 190 2545 Quae
212 2472 341 2534 tantum
363 2467 470 2551 potuit
493 2466 604 2552 digitis
626 2469 754 2533 mollire
776 2470 917 2556 rigorem

101 2557 284 2623 Ambitiosa
308 2556 420 2621 colus?
442 2555 494 2619 vel
518 2555 608 2620 cuius
630 2558 767 2641 pectinis
790 2564 859 2623 arte

102 2645 282 2710 Traxervmt
305 2645 426 2709 solidae
449 2666 648 2731 gemmarum
672 2647 810 2712 stamina
831 2647 939 2712 telae?
1065 2661 1118 2711 505

101 2731 193 2798 Invia
217 2735 289 2818 quis
313 2733 407 2798 calidi
430 2737 592 2798 scrutatus
616 2739 731 2823 stagna
753 2735 906 2820 profundi

102 2822 245 2906 Tethyos
268 2823 387 2886 invasit
410 2822 590 2908 gremium?
613 2825 686 2908 quis
709 2825 819 2891 divitis
842 2825 934 2912 algae

103 2910 254 2975 Germina
276 2912 450 2997 flagrantes
473 2911 558 2975 inter
581 2914 739 2996 quaesivit
762 2913 921 2980 harenas?

103 2999 182 3077 Quis
205 2999 310 3063 iunxit
332 2999 455 3083 lapides
480 3001 592 3065 ostro?
616 3002 688 3085 quis
711 3004 841 3069 miscuit
863 3003 956 3089 ignes

103 3087 227 3154 Sidonii
249 3088 417 3172 Rubrique
439 3088 561 3152 maris?
605 3089 760 3156 Tribuere
784 3093 924 3157 colorem
1066 3105 1119 3155 000

102 3177 293 3262 PhoeniceS,
317 3176 409 3241 Seres
433 3178 652 3265 subtegmina,
675 3182 802 3264 pondus
824 3180 1003 3265 Hydaspes.

102 3266 175 3331 Hoc
199 3266 226 3329 si
249 3265 414 3329 Maeonias
438 3265 545 3330 cinctu
567 3269 735 3354 graderere
757 3292 816 3354 per
837 3271 948 3354 urbes,

102 3354 142 3420 In
164 3360 197 3420 te
220 3355 408 3439 pampineos
430 3355 620 3421 transferret
641 3357 744 3442 Lydia
766 3359 913 3444 thyrsos,

102 3443 142 3509 In
164 3449 196 3508 te
219 3443 311 3527 Nysa
335 3443 465 3529 choros3
488 3442 691 3511 dubitassent
716 3449 807 3534 orgia
828 3446 961 3532 Bacchi,

104 3532 164 3598 oui
187 3533 343 3621 fluerent,
365 3532 449 3597 irent
471 3530 607 3600 blandae
631 3535 691 3600 sub
714 3537 843 3602 vincula
865 3536 976 3621 tigres.
1067 3549 1120 3600 005
