2392 3870
421 179 587 234 CARMINA
607 179 760 236 GRAECA.
1032 185 1097 248 313

84 342 211 426 πλέγμα
225 345 340 428 κόρυν,
354 343 440 429 δόρυ
453 345 565 427 μαζόν,
583 341 695 428 ὀφρῦν
709 341 814 426 βέλος,
828 342 951 409 ἀσπίδα
970 345 1100 430 κάλλος,

83 432 168 496 όπλα
191 429 287 515 μέλη,
310 429 497 516 θέλγητρον
521 430 557 496 έν
579 433 727 514 άλγεσιν·
751 433 782 497 εί
804 430 843 496 δέ
863 456 913 509 τις
936 433 1019 519 αὐτῆ

84 522 172 604 όμμα
195 520 307 603 βάλοι,
330 518 487 604 δέδμητο,
509 517 605 603 βέλος
628 518 660 583 δ’
681 519 745 585 άπὸ
767 522 876 606 χειρὸς
900 520 997 597 ἐάσας

84 606 266 693 ὡς’Ἁρεως
289 610 388 693 αίχμῆ
411 616 450 694 τῆ
474 609 646 693 Κύπριδος
669 610 789 673 όλλυτο
812 619 934 695 μορφῆ.

150 695 217 762 Καὶ
236 698 295 762 τὸν
313 693 374 782 μέν
391 697 542 762 θανάτου
561 695 664 781 νέφος
682 696 813 763 ἕνννεν·
833 698 916 764 ἀλλά
940 701 1100 784 Τυφωεὺς

83 782 170 872 ὦρτο
194 787 429 862 Ποσειδάωνος
452 785 599 851 ἐναντία·
622 795 682 851 τοῦ
706 783 743 851 δὲ
766 790 858 874 τριαί
1065 805 1100 855 56

86 873 206 959 στέρνα
229 874 443 958 Ποσειδάων,
467 877 552 951 Ζεὺς
575 872 606 939 δ’
626 876 728 956 ήλασε
750 886 854 962 κρᾶτα
876 887 1036 966 κεραυνῷ.

147 961 341 1045 Ἐγκέλαδος
359 961 390 1027 δ’
412 963 452 1028 οὐ
471 967 550 1047 λῆγε
568 963 684 1047 μάχης,
706 963 770 1028 ἀνά
794 963 825 1028 δ’
845 965 972 1051 ἥρπασε
994 975 1100 1049 νῆσον

83 1053 264 1137 πρόρριζον
285 1049 460 1116 πολέεσσιν
483 1049 696 1137 έρειδομένην
719 1050 861 1136 όρέεσσι,

85 1140 178 1203 δεινά
201 1136 233 1202 δ’
255 1138 433 1220 ἀπειλήσας
457 1140 566 1222 Ζηνὸς
587 1137 761 1203 κατέναντι
784 1142 930 1224 βεβήκει,
1065 1160 1100 1209 60

84 1236 200 1292 στεῦτο
223 1223 261 1291 δέ
282 1237 382 1310 γαῖαν
405 1228 487 1310 ὅλην
509 1224 571 1311 μὲν
593 1226 775 1313 ἀναρρῆξαι
797 1230 983 1313 κενεώνων,

84 1318 189 1400 ἄστρα
212 1311 249 1379 δέ
272 1324 445 1400 συγχεῦαι,
470 1316 579 1398 Ζηνὸς
601 1312 639 1380 δὲ
660 1314 832 1403 μέλαθρον
855 1317 1003 1404 ἐρύσσαι·

84 1415 157 1469 τοῖα
181 1401 212 1467 δ’
234 1402 413 1486 άπηπείλει.
454 1413 500 1492 τῷ
524 1400 561 1468 δέ
583 1402 705 1481 σθένος
728 1406 834 1492 ὤρορε
856 1409 962 1493 μήτηρ

84 1489 167 1577 ῆμδν
189 1491 396 1577 ἀνασχομένη
419 1495 541 1577 φόνιον
563 1491 673 1577 βέλος,
695 1494 808 1576 ἠελίου
830 1518 865 1560 τε

84 1589 185 1664 νῆσος
208 1579 409 1667 ἀνερχομένη
433 1584 568 1646 σκίασεν
590 1582 690 1666 φάος,
714 1581 750 1646 έν
774 1581 812 1647 δέ
832 1606 867 1648 τε
889 1586 979 1672 νήσῳ
1067 1601 1101 1650 65

88 1668 227 1756 δένδρεα
249 1667 305 1734 καὶ
327 1668 469 1754 ποταμοὶ
491 1668 595 1756 θῆρές
618 1668 647 1733 τ’
669 1673 748 1734 έσαν
771 1670 906 1756 ὄρνιθές
929 1695 971 1737 τε.

86 1756 142 1823 καὶ
165 1756 233 1823 τότ’
254 1760 379 1823 ἀνακτα
401 1765 493 1823 θεῶν
515 1761 613 1842 χόλος
636 1759 775 1835 ἀσπετος
799 1758 1002 1843 ἐστυφέλιξε·

86 1845 185 1933 ῥῆξεν
207 1846 271 1933 γάρ
295 1848 444 1931 τετυφὼς
466 1845 606 1931 νεφέλας
630 1849 694 1912 σὺν
716 1859 786 1924 τοῖς
808 1871 843 1912 τε
865 1861 1039 1934 κεραυνοῖς

87 1934 267 2019 ἀσβέστους
289 1937 473 2022 πυρόεντας
496 1933 546 2000 ἐπ’
569 1933 751 2023 Ἐγκελάδῳ
774 1935 848 2020 χέεν
871 1939 1017 2024 όμβρους

87 2022 197 2111 (ήθελ’
219 2021 450 2111 ἀμαλδόνειν)·
474 2024 492 2089 ὁ
516 2021 553 2088 δὲ
575 2027 741 2108 μεσσόθεν
763 2028 884 2112 ἔνθορε
906 2030 1030 2092 πόντον
1067 2043 1100 2092 70

88 2114 282 2197 αἰθόμενος,
305 2122 350 2200 τῷ
374 2110 405 2177 δ’
428 2110 512 2197 ἀμφὶ
535 2115 742 2199 περιζείουσα
765 2114 919 2181 θάλασσα

88 2201 201 2266 δεινὸν
222 2201 427 2285 παφλάζεσκε
449 2200 620 2286 κυκωμένη
645 2201 690 2278 ὡς
711 2201 787 2288 περὶ
812 2205 936 2290 Θήρας·

87 2285 167 2354 οὐδὲ
190 2293 346 2377 Κρονίων
369 2295 461 2374 λῆγε,
485 2293 674 2374 Λυκαονίης
697 2289 729 2355 δ’
751 2291 815 2357 ἀπὸ
837 2295 933 2375 γαίης

86 2376 207 2464 πέτρον
230 2378 417 2464 ἀπορρήξας
439 2379 526 2467 ὀλοῷ
550 2378 690 2461 ἐπέθηκε
712 2382 844 2461 γίγαντι

87 2469 205 2551 ἀσχετα
228 2470 388 2551 μηνιόων·
413 2466 466 2533 έπὶ
489 2465 521 2532 δ’
542 2466 632 2553 αὐτῷ
655 2475 756 2549 νῆσος
778 2468 934 2553 όρουσεν,
1065 2483 1100 2534 75

87 2554 130 2637 ῆν
153 2555 252 2631 αὐτὸς
274 2554 435 2640 προέηκεν
458 2554 491 2631 ές
514 2554 673 2641 οὐρανόν·
698 2553 901 2640 [ἀμφότερον
924 2552 961 2621 δὲ

87 2640 142 2707 καὶ
164 2641 246 2728 πυρὶ
268 2641 324 2706 καὶ
346 2643 457 2730 νοόσφ
481 2645 662 2728 στυγεροὺς
683 2645 830 2729 τείρουσι
853 2644 1037 2728 γίγαντας]

177 2839 211 2887 55
237 2831 336 2888 έννυεν
374 2833 523 2902 Ικιάιυέολις
551 2831 656 2889 ἔντυεν.
738 2839 772 2889 57
801 2835 869 2898 Ζεὺς
894 2833 938 2907 δ’]
965 2836 1104 2908 Κοοολιῑγ;

90 2904 166 2967 Ζεὺς.
240 2911 329 2974 κρᾶτα
369 2906 456 2974 ι’άιυι,Ι
483 2903 581 2973 κάρτα.
664 2911 697 2959 62
726 2904 827 2976 ἄστρα]
855 2907 996 2978 Καρδίης
1024 2905 1100 2962 ἀστν.

89 2981 122 3030 63
145 2981 209 3029 τοία
228 2973 256 3029 δ’
277 2972 437 3047 ἀντηπείλει]
460 2977 547 3044 ι’άιυι,
569 2975 632 3030 τοιά
651 2973 682 3029 δὲ
702 2973 853 3046 ἐπηπείλει.
927 2982 961 3031 64
986 2974 1102 3050 φόνιον]

88 3047 217 3114 βολισκλιίς
236 3043 357 3115 φοίνιον,
414 3053 448 3102 66
467 3044 593 3119 σκίασεν]
613 3043 716 3101 σιάασε.
772 3052 806 3102 68
824 3048 960 3119 τετυφὼς]
976 3048 1103 3116 Βίνίίκες

88 3137 118 3172 τε
142 3116 237 3185 πυρὸς,
303 3124 336 3172 69
359 3115 528 3188 πυρόεντας]
548 3119 685 3189 Κοτυλίγ,·
702 3115 862 3187 πυρόεντος,
928 3124 962 3173 70
986 3117 1101 3191 ἔνθορε]

88 3191 175 3255 ι’άουι,·
194 3187 304 3257 ἔκθορε.
379 3196 412 3242 72
432 3190 468 3252 ὡς
486 3189 551 3258 περὶ
571 3188 678 3260 Θήρας]
698 3190 895 3258 Βαιολιλτυαες
916 3190 982 3258 περὶ
1000 3193 1101 3259 θῆρας.

88 3264 122 3312 73
141 3258 169 3312 δ’
191 3258 260 3331 ἀπὸ]
281 3260 418 3332 Κοιολιίγ,·
436 3261 501 3315 ἀπὸ.
576 3266 610 3315 74
626 3257 742 3331 πέτρον]
761 3257 875 3329 πέτραν.
949 3266 982 3316 75
1004 3261 1101 3332 νῆσος]

89 3329 229 3402 Κοειλιλγ;
247 3339 354 3395 νοῦσος.
429 3338 462 3385 76
482 3331 522 3402 ἐς]
541 3332 660 3400 Ιιίατλις
679 3332 718 3394 εἰς
735 3330 793 3386 τὸν.
