2392 3870
116 192 184 257 310
218 189 418 247 cmvmm
435 189 546 247 casu
564 190 643 246 ins.
660 189 856 259 messum,
874 208 899 248 e,
912 146 1108 251 ιιι-ιιι.

119 354 287 419 Permutat
310 353 460 438 lymphas
482 354 518 417 in
539 353 615 417 rina
637 353 795 436 liquentia
818 353 984 439 Christus,
1126 376 1142 424 ι

162 442 233 520 Quo
255 444 396 527 primum
418 443 506 506 facto
529 463 564 506 se
587 441 705 526 probat
727 464 797 506 esse
820 442 924 507 deum

117 531 264 614 Quinque
287 531 417 615 explent
440 552 554 615 panes,
576 531 681 614 pisees
704 530 767 594 dno
790 531 881 595 milia
904 533 1052 617 quinque

163 619 208 683 Et
232 618 310 683 deus
333 641 373 683 ex
394 640 495 703 perro
521 619 596 703 plns
618 640 786 704 superasse
807 619 906 684 iubet.

115 707 234 772 Editus
256 729 296 771 ex
318 712 412 773 utero
435 729 549 772 caecus
570 729 654 772 nova
676 708 800 772 lumina
823 709 922 773 sentit

159 795 204 859 Et
227 799 337 880 stupet
359 796 509 882 ignotum
532 817 566 860 se
588 797 744 861 meruisse
766 797 859 862 diem
1107 819 1141 867 10

114 885 255 948 Lazarus
278 907 295 948 e
317 885 445 949 tumulo
469 884 600 949 Christe
623 885 818 950 inclamante
839 887 981 972 resurgit

160 973 204 1037 Et
228 972 326 1038 durae
348 974 465 1038 mortis
488 974 541 1039 lex
563 974 708 1038 resoluta
728 975 822 1059 perit.

113 1060 293 1126 Nutantem
316 1063 422 1146 quatit
443 1062 530 1127 unda
551 1061 699 1147 Petrum,
721 1062 774 1126 eui
797 1062 947 1127 Christus
968 1063 1006 1128 in
1028 1066 1102 1131 alte

159 1150 203 1214 Et
227 1151 339 1216 dextra
361 1173 493 1238 gressus
515 1151 624 1216 firmat
646 1156 680 1215 et
702 1173 759 1215 ere
781 1151 886 1217 fidem

113 1239 282 1326 Exanguis
306 1239 429 1305 Christi
451 1240 613 1326 contingit
634 1239 754 1304 femina
776 1245 1140 1310 restem.15

159 1327 232 1392 Stat
255 1350 351 1394 eruor
372 1330 408 1393 in
429 1328 534 1413 renis,
555 1329 595 1392 fit
616 1328 774 1393 medicina
796 1328 885 1393 fides.

115 1415 228 1480 Iussus
250 1422 326 1501 post
347 1418 470 1483 multos
493 1417 641 1517 graditur
663 1417 862 1518 paralyticus
885 1439 987 1484 annos

160 1504 373 1593 (Mirandum)
395 1506 499 1571 laetus
521 1505 694 1589 portitor
684 1527 754 1590 ipse
776 1505 836 1570 sui

580 1679 666 1735 XXII

113 1787 243 1852 Marcus
266 1809 378 1853 amans
400 1812 536 1873 puerum
557 1793 672 1854 natum
692 1788 850 1853 mentitur
871 1810 979 1854 amare

158 1876 303 1960 Vultque
325 1881 418 1962 pater
441 1878 504 1943 diei
525 1876 654 1942 nescius
676 1898 747 1941 esse
769 1881 863 1961 pater

113 1964 158 2030 Et
181 1966 301 2049 pietate
322 1966 414 2030 nefas
438 1971 470 2031 et
493 1988 635 2031 amorem
657 1965 744 2030 relat
766 1987 883 2031 amore.

158 2052 198 2118 Se
221 2054 325 2136 pietas
347 2054 496 2118 umbram
518 2054 661 2118 criminis
684 2075 754 2118 esse
777 2054 873 2119 delet.

116 2139 224 2206 ‘Nate'
248 2140 315 2204 dies
338 2140 442 2226 audit,
463 2163 529 2205 nox
553 2147 585 2206 et
608 2147 700 2207 torus
722 2143 813 2207 audit
835 2144 969 2229 ‘amiee'‚
1119 2163 1136 2212 5

157 2229 202 2293 Et
224 2251 283 2313 pro
307 2229 508 2312 temporibus
530 2230 662 2294 nomina
684 2235 790 2296 mutat
813 2232 852 2297 ei.

113 2317 233 2405 Stulte,
257 2317 335 2402 quid
356 2319 471 2406 ignaro
494 2340 561 2383 nen
583 2317 660 2383 dieit
684 2318 825 2403 Cynthia
847 2320 964 2386 fratri?

157 2408 207 2476 Ne
232 2407 341 2474 eredas
364 2408 452 2474 noeti
476 2408 573 2495 digna
596 2406 697 2472 latere
720 2407 817 2474 diem!

114 2676 176 2754 Qui
199 2680 292 2760 pater
315 2675 477 2761 est,2huie
499 2674 586 2739 filius
610 2679 668 2739 est.
704 2672 735 2737 A
757 2674 879 2743 lumine
901 2676 1006 2759 primo
1098 2709 1101 2716 ·

156 2763 260 2828 Filius
283 2785 302 2827 a
324 2763 477 2830 thalamis
499 2763 613 2847 incipit
636 2785 706 2828 esse
727 2784 815 2847 puer
1098 2784 1132 2832 10

184 2954 284 3010 me
308 2955 383 3011 senti
371 2956 553 3028 rt]Biutiue;
576 2954 672 3010 sensit
744 2955 858 3010 xxsss
882 2955 973 3026 torus]
993 2957 1127 3028 Binetus,

113 3029 199 3082 totus
273 3025 426 3098 alumine]
446 3027 634 3094 Pausaniam
651 3024 756 3080 limine.
