2392 3870
89 127 157 185 VIII
486 126 703 188 PRAEFATIO·

179 289 334 373 Sequitur
355 289 532 355 lectionum
551 312 631 374 quas
649 290 784 374 promisi
803 271 972 377 catalogus
992 292 1105 375 plenus

85 380 146 443 sed
168 379 216 442 ita
236 378 417 463 institutus,
439 383 476 442 ul
495 383 528 443 et
547 379 798 465 orthographica
815 380 1106 463 praetermitterem
1147 406 1150 423 ⁴

84 471 122 531 et
154 488 209 530 eos
245 467 348 552 locos,
383 466 441 530 ubi
477 467 563 551 apud
598 465 816 554 Isengrinium
851 469 1105 555 typographicos

86 554 248 620 vCamertis
279 577 402 620 errores
435 560 596 620 correctos
629 578 698 621 esse
724 557 865 640 patebat.
911 557 1105 642 Plerumque

88 644 264 709 Bentinum
285 666 387 708 novas
413 645 568 709 lectiones
591 644 626 709 in
649 667 743 710 suum
769 650 896 709 textum
923 646 1106 732 inseruisse,

88 733 193 797 rarius
216 732 252 797 in
273 733 418 819 margine
440 732 668 817 imprimendas
687 756 815 798 curasse
835 734 926 798 scito.
960 735 1105 819 Denique

88 843 142 886 eas
156 819 396 907 Isengrinienas
415 821 601 906 scripturas,
620 843 700 906 ques
718 845 785 886 non
803 823 923 908 adfero,
941 822 1008 887 iam
1022 823 1106 908 apud

89 907 270 976 Camertem
293 914 402 975 extare
425 910 556 976 omnino
580 915 698 975 teneas.
739 910 890 995 Exempli
910 932 1007 976 causa
1025 911 1105 977 Bell.
1148 990 1150 995 Ι

88 996 256 1065 81116298
280 998 405 1064 Birtius
428 1020 467 1064 rie
490 999 577 1064 dedit
601 1022 640 1064 ex
662 997 837 1086 Isengrinii
859 1000 1020 1086 margine3
1052 1001 1106 1065 sed
1147 1066 1150 1098 Ι

86 1083 289 1174 Isengrinius
306 1088 341 1151 id
359 1088 498 1172 sumpsit
516 1110 556 1152 ex
576 1087 735 1173 Camerte3
758 1087 838 1153 item
857 1087 941 1154 Gild.
961 1090 1025 1155 301
1046 1091 1105 1168 sed,

88 1177 175 1257 quod
211 1175 276 1241 iam
309 1174 439 1242 Camers
475 1176 574 1241 habet
606 1177 642 1240 in
670 1180 775 1262 textu3
811 1177 891 1242 item
922 1200 961 1241 ex
993 1178 1110 1242 critica-

89 1262 248 1330 Cemertis
280 1265 454 1350 appendice
486 1265 565 1330 haec
601 1265 782 1350 adsumpsit
813 1265 987 1330 Bentinus:
1026 1265 1104 1331 Bell.

88 1350 172 1418 Gild.
192 1354 213 1420 5
236 1355 343 1434 erreis,
367 1356 430 1422 281
451 1356 593 1431 animes
616 1353 706 1419 Eutr.
726 1352 825 1420 1491
851 1353 973 1433 Omiric,
992 1351 1026 1419 ΙΙ
1043 1358 1105 1420 172

86 1444 187 1529 ecda,
210 1445 274 1510 347
299 1465 376 1510 aoso
395 1442 447 1532 (1),
473 1443 517 1509 ib.
537 1445 599 1508 231
620 1444 755 1525 inferiis
778 1441 866 1530 (cum
891 1441 1022 1508 Camers
1046 1445 1067 1508 l.
1085 1444 1105 1508 l.

88 1531 202 1597 offerat
229 1532 392 1620 iosrereis);
422 1531 519 1598 Mani.
544 1533 662 1598 Theod
687 1535 729 1599 63
757 1534 898 1620 stediiqg.
950 1530 1014 1596 Sed
1042 1533 1106 1596 iam

87 1639 155 1806 rem
176 1643 455 1772 lirandudiinum
477 1706 510 1771 ΙΙ
536 1682 635 1793 prdef.
650 1710 701 1773 .12
729 1708 883 1775 Gildonis,
931 1709 1119 1785 Bellum,

87 1791 392 1878 Gildonicumlti
411 1816 502 1873 rere,
537 1799 580 1861 24
598 1797 728 1875 lassate,
759 1798 800 1862 57
816 1798 968 1878 porilem,
999 1800 1040 1863 78
1060 1801 1105 1863 ed·

86 1888 208 1966 tempto,
232 1885 274 1949 92
294 1880 441 1948 Moriere
462 1884 646 1964 eioerimqg,
671 1885 713 1947 99
727 1885 860 1965 perfert,
886 1887 950 1950 104
969 1887 1103 1965 dedistis,

88 1971 152 2036 124
173 1972 284 2054 ferclis
310 1971 419 2036 Acilio
438 1990 578 2054 perprius,
613 1970 676 2036 125
692 1972 874 2054 permittite,
909 1973 973 2036 130
1000 1973 1106 2058 Opbele

83 2061 171 2141 sicco,
193 2063 256 2126 136
270 2062 425 2139 rescissae,
446 2061 509 2124 143
525 2060 649 2138 laxetis,
670 2060 732 2124 151
748 2058 877 2142 Dipsas,
896 2060 959 2125 172
974 2063 1105 2141 Aeeiios,

88 2150 151 2214 193
172 2152 310 2232 deperier,
334 2150 398 2214 208
419 2147 563 2231 Separat,
588 2150 790 2232 2149111113,
819 2150 882 2213 219
903 2156 1014 2228 arteria
1040 2153 1106 2217 220

83 2245 189 2317 motet,
213 2240 278 2303 222
297 2239 460 2304 ostenderet
477 2237 556 2304 belle
573 2240 727 2316 dracones
747 2239 812 2302 240
831 2259 852 2302 e
867 2240 968 2319 fratre
985 2242 1106 2319 recedit,

87 2327 154 2391 244
172 2332 250 2405 eret,
282 2326 324 2391 ib.
343 2330 397 2392 rue‘
413 2347 489 2405 aori,
521 2329 586 2392 246
599 2327 694 2410 pube,
727 2328 791 2393 248
811 2328 947 2408 defesse,
981 2329 1046 2394 253
1071 2327 1107 2408 Ο,

87 2414 130 2478 ib.
147 2420 340 2498 praereptas,
363 2417 573 2498 2641111111,
593 2417 656 2481 267
672 2415 749 2495 Hoc,
768 2417 834 2480 270
841 2418 1014 2497 prodidere,
1039 2419 1105 2483 271

88 2502 225 2587 Pyrrho,
253 2506 318 2570 276
340 2505 491 2570 Traditur
513 2506 574 2585 liic,
603 2506 666 2570 281
692 2506 818 2570 ecimus
840 2506 1009 2583 creseere,
1039 2507 1106 2571 282

85 2612 188 2659 securri
210 2592 357 2676 Libyam,
381 2595 445 2660 287
465 2592 631 2675 Deprecor,
662 2595 726 2659 298
749 2593 841 2674 qaod,
870 2594 933 2658 301
953 2593 1010 2671 Ε1,
1040 2596 1106 2659 313

95 2681 155 2747 Vos
173 2682 280 2764 opibus
297 2682 415 2748 israeles
433 2683 688 2769 maspireeiesqg,
709 2682 774 2746 314
792 2683 891 2760 cedat,
911 2682 1107 2762 3221151113,

87 2771 153 2842 336
169 2771 265 2854 foetu,
289 2772 354 2837 339
372 2771 518 2870 rebellem,
540 2771 604 2837 356
623 2772 711 2835 emas
730 2771 923 2852 desiriripere,
944 2771 1007 2836 369
1027 2771 1108 2836 bire-

160 2968 163 2975 ’
252 2981 421 3037 Liedibrirrn
438 2997 503 3051 aeqz
522 2981 576 3036 erri’
593 2981 639 3048 sas
657 2985 695 3036 est
713 2996 732 3034 a
746 2985 811 3035 eote
827 2980 948 3050 relinqui

253 3052 319 3108 Hie
339 3075 355 3122 a
372 3058 412 3109 tot
425 3052 540 3122 populis
551 3052 655 3124 pooiet
672 3067 718 3107 ore
736 3052 805 3107 ioci.

88 3140 164 3209 Ergo
187 3139 218 3194 in
239 3141 320 3195 textu
343 3138 540 3195 constituendo
567 3138 760 3194 vetustissimo
788 3137 942 3208 exemplari
968 3155 997 3192 se
1022 3155 1107 3192 usum

89 3227 151 3266 esse
165 3209 279 3266 Camers
297 3212 350 3265 hoe
365 3228 476 3280 quoque
490 3211 551 3264 loeo
565 3209 747 3279 testificatum
766 3209 815 3280 qui
829 3210 944 3279 quidem
956 3208 1030 3263 liber
1045 3226 1061 3262 a
1081 3210 1106 3263 V

89 3281 217 3336 distabat
240 3281 420 3349 faciebatque
443 3282 496 3336 hoe
519 3281 581 3335 loeo
605 3281 710 3336 cumE
731 3283 772 3349 (et
789 3281 861 3350 PA);
884 3297 951 3335 nam
975 3279 1105 3334 etiamid

88 3351 177 3407 habet
192 3353 335 3422 propolae
356 3368 449 3422 neque
467 3368 533 3408 vero
552 3352 642 3407 codex
659 3351 843 3420 Veronensis,
869 3368 925 3420 quo
943 3350 1029 3405 hodie
1048 3351 1105 3403 uti-

88 3441 159 3492 mur,
178 3422 251 3478 illud
264 3423 487 3479 vetustissimum
501 3423 644 3493 exemplar
656 3422 719 3492 fuit,
736 3439 799 3478 eum
813 3421 843 3476 iu
857 3437 890 3476 eo
905 3422 979 3476 desit
989 3421 1105 3491 Aponus

87 3497 119 3550 et
133 3494 256 3551 defuisse
270 3495 328 3551 iam
342 3497 410 3550 tunc
423 3494 554 3551 videatur
573 3494 618 3565 (cf.
633 3493 676 3550 Bi.
689 3493 778 3562 praef.
794 3512 821 3564 p.
835 3491 922 3549 XCIII
932 3495 961 3548 et
976 3492 1105 3562 CLXIV).
