2392 3870
86 171 201 243 (XVlI.)
220 169 303 225 PAN.
322 167 450 225 DIGTVS
468 167 609 223 MANLIO
628 167 826 223 THEODORO
842 167 1002 224 CONSVLI.
1034 169 1098 234 135

84 334 191 400 Nosse
216 332 278 398 soli
300 331 394 418 vires,
416 330 540 396 nemori
564 353 646 416 quae
670 331 836 396 commoda
859 353 964 418 rupes,

87 422 166 500 Quis
190 421 268 486 felix
292 421 379 486 oleae
402 424 536 506 tractus,
560 442 641 505 quae
664 421 779 506 glaeba
802 420 924 485 faveret

83 511 248 597 Frugibus
271 515 303 576 et
327 510 438 595 quales
460 514 585 596 tegeret
606 509 766 574 vindemia
790 510 910 573 colles?
1048 528 1098 578 leo

85 599 259 664 Terribiles
281 621 411 664 rursum
433 598 533 664 lituos
556 602 727 663 veteranus
750 598 845 662 adibo

84 689 129 753 Et
152 689 283 753 desueta
304 692 399 754 vetus
421 687 588 771 temptabo
612 687 739 751 caerula
761 686 892 752 vector?

85 777 325 862 Oolleotamque
348 776 403 841 diu
426 781 458 841 et
482 776 578 840 certis
600 780 774 859 utcumque
796 776 937 841 locatam

83 865 221 931 Sedibus
243 865 278 930 in
300 865 435 930 dubium
457 865 564 950 patiar
587 865 744 949 deponere
766 864 907 929 famam?

82 955 151 1021 Nec
173 978 234 1041 me,
258 955 336 1038 quid
358 955 464 1020 valeat
486 960 604 1019 natura
626 953 744 1018 fortior
766 975 854 1039 usus,
1046 973 1097 1022 185

81 1043 241 1108 Praeterit
265 1048 321 1108 aut
344 1047 502 1127 quantum
523 1044 690 1130 neglectae
713 1043 832 1106 defluat
855 1043 926 1106 arti

81 1132 211 1197 Desidia
235 1133 366 1218 aurigae
388 1154 455 1196 non
477 1132 567 1197 audit
590 1131 723 1197 verbera
747 1152 869 1216 currus,

81 1220 151 1287 Nec
174 1243 289 1285 manus
312 1221 461 1307 agnoscit
484 1242 580 1304 quem
597 1242 664 1285 non
687 1219 828 1284 exercuit
851 1241 969 1285 areum.

81 1308 165 1374 Esse
189 1310 245 1373 sed
267 1309 424 1374 iniustum
446 1309 552 1374 fateor
575 1309 798 1393 quodcumque
820 1313 959 1394 negetur

82 1397 241 1463 Iustitiae.
278 1397 327 1462 Tu
350 1397 454 1482 prima
476 1397 640 1463 hominem
664 1396 867 1462 silvestribus
891 1398 993 1463 antris
1045 1417 1095 1466 190

82 1487 184 1552 Eliois
208 1492 240 1553 et
263 1487 357 1552 foedo
381 1488 527 1574 deterges
551 1486 678 1552 saecula
701 1485 797 1550 victu.

76 1575 126 1639 Te
149 1580 282 1660 propter
305 1575 441 1641 colimus
464 1577 554 1662 leges
576 1574 765 1658 animosque
788 1574 929 1640 ferarum

81 1665 248 1729 Eruimus.
284 1664 408 1729 Nitidis
432 1664 580 1748 quisquis
603 1668 635 1728 te
659 1663 807 1728 sensibus
830 1663 949 1751 hausit,

80 1751 191 1818 Inruet
213 1752 394 1837 intrepidus
417 1753 565 1839 flammis,
587 1752 722 1817 hiberna
746 1752 868 1816 secabit
1083 1830 1086 1835 ,

80 1840 242 1927 Aequora,
265 1842 428 1906 confertos
451 1841 563 1906 hostes
586 1840 752 1926 superabit
775 1841 916 1906 inermis.
1045 1859 1095 1910 195

81 1927 141 1993 Ille
164 1930 216 1995 vel
238 1927 438 2014 Aethiopum
460 1929 580 2014 pluviis
603 1931 763 1995 solabitur
786 1935 908 2017 aestus3

80 2016 179 2083 Illum
201 2022 292 2083 trans
316 2017 483 2102 Scythiam
505 2041 623 2085 vernus
647 2019 856 2084 comitabitur
879 2022 956 2086 aer'.

149 2105 203 2172 Sic
225 2107 312 2171 fatus
335 2108 481 2173 tradente
505 2107 563 2173 dea
586 2109 727 2193 suscepit
749 2109 892 2175 habenas

82 2194 243 2272 Quattuor
264 2196 390 2283 ingenti
412 2196 493 2261 iuris
516 2201 644 2263 temone
667 2197 800 2262 refusas.

79 2284 188 2350 Prima
197 2285 549 2370 PadumThybrimque
558 2286 641 2373 ligat
651 2286 835 2370 crebrisque
844 2287 1017 2351 micantem
1041 2302 1093 2353 200

79 2373 224 2438 Vrbibus
247 2372 390 2461 Italiam3
412 2375 534 2460 Libyas
556 2375 747 2458 Poenosque
771 2374 909 2439 secunda

79 2461 264 2549 Temperat3
286 2462 418 2548 IHyrico
443 2486 477 2528 se
499 2463 597 2529 tertia
619 2463 759 2550 porrigit
782 2461 867 2544 orbi3

78 2549 204 2616 Vltima
227 2551 418 2637 Sardiniam,
442 2551 586 2634 (lymum
608 2551 813 2634 trifidamque
836 2552 976 2614 retentat

79 2638 241 2704 Sicaniam
264 2644 296 2703 et
320 2639 476 2723 quidquid
499 2640 665 2723 Tyrrhena
687 2639 836 2703 tunditur
857 2636 943 2701 unda

78 2727 142 2792 Vel
165 2726 267 2815 gemit
289 2726 389 2791 Ionia.
425 2726 495 2792 Nee
517 2732 551 2791 te
573 2732 624 2792 tot
646 2727 770 2792 lumina
793 2748 900 2791 rerum
1041 2744 1095 2794 205

79 2815 147 2880 Aut
169 2819 299 2881 tantum
320 2815 466 2880 turbarit
490 2837 585 2902 onus3
609 2816 664 2880 aed
686 2820 723 2880 ut
746 2815 832 2881 altus
857 2814 987 2900 Olympi

78 2904 209 2991 Vertex,
234 2904 289 2989 qui
313 2904 418 2988 spatio
441 2907 556 2970 ventos
579 2903 764 2989 hiemesque
787 2903 951 2991 relinquit,

78 2993 276 3078 Perpetuum
297 2993 388 3058 nulla
410 2997 586 3058 temeratus
608 2994 694 3058 nube
717 3015 866 3059 serenum

81 3081 205 3147 Celsior
227 3082 355 3170 exurgit
378 3082 497 3167 pluuiis
521 3082 674 3167 auditque
697 3086 826 3148 ruentes

79 3169 147 3235 Sub
170 3172 307 3256 pedibus
329 3171 458 3236 nimbos
482 3176 515 3237 et
537 3193 634 3236 rauca
656 3170 801 3237 tonitrua
825 3170 940 3237 calcat:
1040 3192 1094 3242 210

79 3258 133 3324 Sic
156 3261 283 3344 patiens
307 3260 434 3325 animus
457 3283 515 3345 per
537 3264 630 3325 tanta
652 3260 784 3348 negotia
805 3260 889 3325 liber
966 3334 970 3342 Ι

78 3348 227 3435 Emergit
250 3349 428 3433 similisque
452 3350 512 3436 sui,
535 3349 677 3433 iustique
699 3355 844 3414 tenorem

150 3548 201 3597 201
220 3541 337 3615 Libyas]
356 3542 494 3615 Sculiyem
511 3541 593 3616 lidos,
612 3541 703 3612 lydos.
