2392 3870
224 165 306 236 (XX.)
325 165 364 219 IN
383 163 599 219 EVTROPIVM
617 163 726 218 LIBER
745 163 944 220 SECVNDVS.
1055 163 1094 227 71

81 329 159 394 Mox
184 327 287 392 oritur
310 326 434 391 diversa
457 326 542 391 lues:
565 326 641 391 binc
663 326 822 390 Mulciber
844 327 936 412 ignes

76 417 265 502 Sparserat,
288 415 363 480 hinc
385 415 471 480 victa
493 419 685 499 proruperat
708 415 799 479 obice
821 413 959 501 Nereus,

82 506 171 571 Haec
184 506 333 592 flagrant,
346 503 425 568 haec
438 507 524 569 tecta
537 507 661 569 natant.
684 503 796 589 Quam,
805 505 947 591 numina,
960 525 1097 590 poenam

83 594 225 660 Servatis
250 592 375 678 sceleri,
399 592 489 657 cuius
513 595 564 657 tot
588 592 733 657 cladibus
758 614 852 657 omen
1063 614 1098 662 36

85 682 263 747 Constitit?
308 680 481 745 Incumbas
503 682 642 762 utinam,
664 680 830 766 Neptune,
853 682 985 747 tridenti

82 770 313 855 Pollutumque
335 769 441 834 solum
463 772 535 834 toto
559 792 632 834 cum
655 770 787 835 crimine
810 792 945 856 mergas

83 859 189 924 Vnam
212 881 271 942 pro
294 858 414 923 mundo
437 857 544 922 Furiis
568 858 771 922 concedimus
793 859 914 923 urbem.

149 947 259 1032 thue
278 946 377 1011 semel
393 947 500 1030 patuit
518 946 673 1011 monstris
691 947 762 1033 iter,
782 948 889 1012 omnia
912 952 1040 1034 tempus
1064 969 1098 1018 40

81 1035 188 1102 Nacta
211 1057 305 1100 suum
327 1038 515 1119 properant:
537 1035 627 1100 nasci
649 1038 719 1100 tum
742 1035 872 1100 decolor
892 1036 997 1102 imber

82 1123 313 1208 infantumque
334 1125 412 1188 nori
433 1123 544 1188 vultus
567 1128 600 1189 et
623 1123 753 1188 dissona
775 1129 872 1208 partu

83 1212 226 1297 Semina,
248 1217 320 1276 tum
342 1212 485 1296 lapidum
507 1214 603 1277 fletus
626 1216 834 1296 armentaque
856 1213 956 1300 vulgo

83 1301 174 1366 Ausa
196 1301 286 1384 loqui
309 1301 485 1385 mediisque
508 1301 595 1365 ferae
618 1323 651 1364 se
675 1301 800 1365 credere
823 1303 938 1387 muris,

84 1389 166 1452 Tum
189 1393 280 1452 vates
303 1389 371 1453 sine
394 1410 482 1454 more
506 1390 576 1473 rapi
599 1388 829 1474 lymphataque
852 1391 973 1473 passim
1064 1410 1098 1457 45

84 1477 221 1542 Pectora
243 1477 376 1542 terrifici
399 1478 540 1542 stimulis
561 1478 725 1564 ignescere
747 1477 880 1542 Phoebi.

83 1565 147 1629 Fac
169 1565 278 1630 nullos
301 1567 453 1631 cecinisse
477 1566 566 1630 deos:
590 1566 709 1630 adeone
732 1566 833 1630 retusi

85 1653 262 1737 Quisquam
285 1654 390 1718 cordis
414 1656 486 1740 erit,
510 1655 636 1720 dubitet
660 1655 715 1738 qui
738 1655 886 1739 partibus
909 1655 975 1721 illis

82 1741 205 1806 Adfore
228 1742 360 1807 fatalem
380 1744 515 1808 castrati
539 1744 680 1808 consulis
704 1743 845 1808 annum?

85 1829 148 1895 Sed
167 1853 263 1914 quam
282 1851 394 1894 caecus
411 1832 496 1896 inest
518 1833 607 1896 vitiis
630 1834 732 1897 amori
770 1830 871 1897 Omne
894 1833 1041 1900 futurum
1065 1853 1099 1902 50

84 1918 270 2001 Despicitur
293 1918 490 2003 suadentque
513 1921 642 1985 brevem
664 1921 846 2004 praesentia
868 1920 1010 1988 fructum

84 2005 130 2070 nt
153 2007 218 2070 ruit
240 2006 276 2071 in
297 2008 433 2072 vetitum
456 2009 564 2073 damni
588 2031 699 2073 secura
721 2009 836 2095 libide,

84 2095 171 2159 Dum
194 2117 285 2160 mora
308 2096 457 2180 supplicii
480 2098 571 2161 lucro
595 2119 764 2182 serumque
787 2098 874 2182 quod
895 2099 996 2164 instat

86 2183 241 2248 Creditur.
287 2183 383 2248 Haud
405 2186 553 2269 equidem
575 2191 688 2250 contra
710 2190 761 2251 tot
784 2187 877 2273 signa
901 2187 1037 2253 Camillo

85 2271 265 2336 Detulerim
287 2272 404 2358 fascea,
426 2275 544 2338 nedum
567 2272 640 2361 (pro
665 2273 788 2361 sexusi)
811 2276 908 2339 inerti
1064 2293 1099 2342 ss

85 2359 261 2446 Mancipi0,
284 2361 349 2447 cui,
373 2367 489 2427 cuncta
511 2362 587 2426 licet
609 2384 764 2446 responsa
786 2363 935 2428 iuberent

85 2447 326 2534 Hortantesquc
349 2450 424 2515 licet
448 2451 641 2534 sponderent
663 2473 818 2534 prospera
841 2450 920 2534 diri,

86 2536 192 2620 Turpe
215 2538 279 2602 fuit
302 2539 435 2602 cessisse
457 2539 554 2603 viros.

601 2627 772 2709 Exquirite
794 2629 881 2690 retro

87 2711 229 2777 Crimina
252 2714 397 2777 continui
420 2714 512 2779 lectis
536 2714 706 2778 annalibus
730 2714 813 2799 aeri,

85 2800 196 2865 Prisca
218 2801 385 2866 recensitis
409 2803 547 2867 evolvite
570 2802 697 2866 saecula
720 2803 827 2867 fastis:
1065 2823 1100 2871 ao

10 2903 12 2909 ’
87 2887 171 2964 Quid
194 2891 279 2953 senis
301 2890 425 2955 infandi
449 2890 602 2977 Capreae,
625 2891 702 2974 quid
725 2912 839 2956 scaena
860 2891 1002 2956 Neronis

85 2976 164 3042 'Pale
186 2978 294 3042 ferat?
339 2978 445 3064 Spado
468 2980 627 3045 Romuleo
651 2979 833 3044 succinctus
855 2981 976 3044 amictu

86 3063 176 3130 Sedit
198 3067 233 3130 in
254 3065 414 3153 Augustis
436 3069 568 3133 laribus
613 3068 757 3154 Vulgata
779 3069 911 3152 patebat

86 3152 172 3217 Aula
196 3153 394 3220 salutantum
417 3157 546 3243 studiis,
568 3157 632 3221 huc
654 3157 748 3240 plebe
772 3161 903 3222 senatus

85 3241 250 3306 Permixta
271 3245 452 3329 trepidique
475 3246 571 3310 duces
594 3245 762 3328 omnisque
786 3249 931 3329 potestas
1066 3262 1100 3312 65

88 3329 238 3395 Confluit.
283 3332 423 3398 Advolvi
446 3334 583 3420 genibus
590 3384 598 3419 ,
622 3334 807 3420 contingere
831 3334 976 3399 dextram

85 3417 239 3483 Ambitus
263 3425 295 3484 et
317 3426 429 3486 votum
452 3422 650 3487 deformibus
673 3423 783 3487 oscula
805 3423 895 3508 mgis

86 3505 209 3592 Figere.
254 3508 454 3575 Praesidium
477 3511 586 3597 legum
608 3511 800 3598 genitorque
822 3514 957 3575 vocatur
