2392 3870
235 168 357 240 (XVlH.)
375 170 415 224 IN
433 169 648 227 EVTROPIVM
666 167 774 222 LIBER
792 167 938 222 PRIMVS.
1052 167 1093 232 61

83 331 183 396 Arma
206 330 350 413 relinque
373 330 459 394 viris.
507 329 674 397 Geminam
697 329 776 413 quin
798 327 913 392 dividis
936 327 1043 392 aulam

84 420 281 501 Conarisque
303 419 375 501 pios
399 419 481 482 odiis
505 419 704 482 committere
727 417 856 480 fratres!

82 509 127 572 Te
150 507 268 592 magis,
291 506 332 569 ah
355 506 498 591 demens,
520 511 661 570 veterem
684 505 712 569 si
734 504 867 588 respicis
889 507 1007 588 artem,

84 595 262 660 conciliare
284 594 383 658 decet.

426 681 534 746 Gestis
556 703 616 765 pro
639 681 760 746 talibus
783 702 904 746 annum

83 771 226 856 Flagitet
249 769 436 855 Eutropius,
458 792 499 833 ne
523 769 600 852 quid
621 791 688 833 non
710 768 837 852 polluat
859 790 956 854 unus,
1044 784 1097 832 285

84 859 159 923 Dux
182 858 279 941 acies,
300 857 396 921 iudex
418 858 592 941 praetoria,
615 861 761 940 tempora
783 857 909 920 consul!

150 945 209 1010 Nil
231 945 309 1009 adeo
333 945 478 1030 foedum,
502 945 588 1028 quod
609 966 677 1010 non
699 948 811 1009 exacta
832 949 978 1008 vetustas

84 1034 231 1099 Ediderit
252 1033 406 1120 longique
429 1033 523 1097 labor
544 1033 740 1097 commiserit
763 1033 841 1096 aevi.

85 1121 264 1204 Oedipodes
286 1125 436 1206 matrem,
458 1124 568 1185 natam
591 1121 720 1184 duxisse
742 1119 899 1202 Thyestes

87 1210 257 1295 Cantatur,
280 1209 404 1292 peperit
427 1209 544 1273 fratres
566 1207 694 1273 Iocasta
715 1209 832 1273 marito
1047 1224 1099 1274 290

86 1299 130 1362 Et
153 1297 292 1380 Pelopea
315 1297 386 1360 sibi.
431 1296 558 1361 Thebas
582 1319 618 1360 ac
640 1297 754 1360 fimeta
775 1295 890 1359 'Proice

86 1385 203 1449 Tristis
226 1384 400 1448 Erechthei
423 1384 568 1468 deplorat
592 1405 705 1449 scaena
727 1382 855 1448 theatri.

86 1472 126 1537 ln
148 1473 312 1536 volucrem
334 1472 467 1557 Tereus,
491 1472 629 1536 Cadmus
654 1494 688 1536 se
710 1472 808 1536 vertit
830 1472 866 1535 in
887 1492 1033 1557 anguem.

87 1561 197 1644 Scylla
218 1582 321 1625 novos
344 1561 459 1624 mirata
483 1582 585 1625 canes.
631 1559 727 1623 Hunc
749 1559 863 1623 arbore
886 1559 968 1644 figit,

86 1649 203 1713 Elevat
225 1648 311 1711 hunc
333 1648 457 1734 pluma,
481 1648 624 1731 squamis
645 1648 733 1711 hunc
755 1647 865 1711 fabula
887 1647 998 1732 restit,
1048 1662 1100 1711 aaa

87 1736 183 1800 Hunc
210 1736 308 1800 solvit
335 1737 443 1801 fluvio.
488 1735 674 1819 Numquam
702 1735 801 1819 spado
831 1735 944 1799 consul
966 1736 1001 1798 in
1024 1734 1101 1798 orbe

87 1825 157 1889 Neo
179 1823 274 1887 iudex
296 1824 450 1889 ductorve
473 1825 548 1888 fuit!
595 1823 824 1908 Quodcumque
846 1824 989 1888 virorum

88 1912 151 1976 Est
174 1911 282 1996 decus,
305 1913 444 1978 eunuchi
467 1913 571 1976 scelus
594 1917 651 1977 est.
696 1912 855 1996 Exempla
877 1916 1026 1976 creantur

89 1999 177 2075 Quae
201 2000 286 2063 socci
310 2004 460 2083 superent
483 2001 567 2065 risus
590 2002 760 2083 luctusque
784 2000 942 2067 cothurni.

157 2086 260 2164 Quam
282 2088 416 2170 pulcher
438 2093 629 2174 conspectus
652 2093 730 2174 erat,
754 2110 827 2153 cum
849 2089 993 2153 tenderet
1011 2091 1102 2152 artus

89 2175 264 2260 Exangues
288 2181 440 2241 onerante
462 2182 541 2262 toga
563 2177 734 2260 cinctuque
755 2180 909 2264 gravatus
1050 2193 1101 2240 301

90 2261 272 2345 Indutoque
295 2285 392 2328 senex
415 2264 603 2328 obscaenior
625 2266 687 2329 iret
709 2264 745 2328 in
766 2287 858 2328 auro:

90 2350 233 2414 Humani
257 2351 361 2434 qualis
385 2353 555 2417 simulator
578 2353 690 2417 simius
714 2353 793 2437 oris,

91 2438 193 2514 Quem
215 2459 296 2521 puer
319 2439 466 2504 adridens
488 2440 631 2523 pretioso
656 2440 792 2504 stamine
815 2438 929 2503 Serum

91 2525 220 2590 Velarit
243 2525 409 2610 nudasque
431 2531 523 2591 nates
546 2550 583 2591 ac
605 2532 697 2613 terga
719 2527 863 2611 reliquit,
1051 2544 1103 2592 305

92 2613 282 2677 Ludibrium
304 2616 437 2700 mensis3
461 2619 566 2679 erecto
589 2619 717 2698 pectore
741 2615 828 2678 dives

92 2700 249 2765 Ambulat
273 2706 305 2765 et
329 2703 415 2766 claro
439 2724 507 2766 sese
530 2702 688 2767 deformat
710 2703 838 2767 amictu.

93 2788 235 2852 Candida
258 2790 402 2872 pollutos
427 2791 599 2854 comitatur
621 2791 710 2854 curia
732 2791 848 2876 fasces,

92 2876 244 2940 Forsitan
267 2882 300 2940 et
322 2877 478 2942 dominus.
523 2878 661 2943 Praebet
683 2878 837 2942 miracula
859 2879 955 2943 lictor

94 2963 233 3029 Consule
255 2966 397 3030 nobilior
419 2966 665 3054 libertatemque
688 2966 834 3052 daturus,
1052 2984 1104 3032 310

93 3052 198 3128 Quam
219 3054 355 3118 necdum
377 3055 502 3119 meruit.
549 3054 680 3119 Scandit
705 3054 841 3118 sublime
864 3055 1009 3120 tribunal

93 3138 203 3222 Atque
225 3141 311 3205 inter
332 3143 480 3230 proprias
502 3143 613 3209 laudes
635 3141 798 3231 Aegyptia
819 3143 918 3208 iactat

95 3227 227 3292 Somnia
249 3235 493 3314 prostratosque
517 3232 603 3295 canit
625 3253 660 3294 sc
682 3235 755 3295 rate
778 3235 942 3314 tyrannos.

95 3315 225 3380 Scilicet
248 3318 283 3381 in
306 3318 404 3383 dubio
426 3319 542 3386 vindex
564 3319 699 3383 Bellona
721 3319 885 3406 pependit,

167 3513 219 3562 281
238 3510 318 3580 quin]
337 3512 450 3582 seraper}
467 3509 544 3578 quid.
