2392 3870
218 158 338 228 (XVIII.)
356 158 396 212 IN
414 157 629 228 EVTROPIVM
647 156 757 212 LIBER
774 154 918 212 PRIMVS.
1033 156 1078 222 55

64 321 174 385 Donat
196 317 293 385 Arint
294 320 388 384 haeo
381 342 514 406 ,neque
537 319 623 384 enim
644 319 709 383 iam
732 317 849 404 dignus
872 317 985 383 haberi

64 408 133 474 Nec
155 412 302 473 maturus
325 409 395 473 emi
442 408 523 474 Cum
545 406 710 472 fastiditus
733 407 846 492 abiret,

64 496 169 572 Quam
191 497 323 583 gemuit,
346 500 468 580 quanto
491 496 617 581 planxit
640 495 777 559 divortia
799 495 867 559 luct
868 496 903 558 ul
1042 513 1077 562 65

64 584 170 649 Haec
192 589 270 670 erat,
292 584 365 670 heu,
386 584 582 667 Pt,olomaee
604 583 706 647 fides?
734 582 797 647 hoc
819 583 942 666 profuit
965 588 1018 649 aet
1019 605 1055 648 as
1135 601 1140 611 ’

62 672 103 736 In
125 673 248 773 gremio
272 676 462 825 consumpta
484 678 542 737 tuo
565 635 731 756 lectusque
753 671 872 758 iugalis

63 761 108 825 E
112 760 277 828 ,duc
242 762 363 825 totiens
385 761 470 825 inter
491 759 677 845 praesaepia
700 759 827 824 somni?

63 849 211 913 Libertas
234 849 394 933 promissa
415 849 522 933 perit?
554 848 737 912 Viduumne
759 847 916 932 relinquis

63 937 259 1021 Eutropium
281 941 453 1021 tantasque
475 940 626 1021 premunt
649 936 769 1001 oblivia
790 939 912 1022 noctes,
1042 954 1077 1004 ιο

66 1025 233 1089 Crudelis?
270 1025 403 1091 Generis
425 1047 485 1109 pro
509 1047 580 1089 sors
603 1024 773 1089 durissima
797 1025 915 1089 nostri!

62 1111 204 1198 Femina,
228 1135 300 1178 cum
324 1114 439 1199 senuit,
462 1114 579 1178 retinet
602 1113 740 1177 conubia
761 1117 867 1198 partu,

62 1200 246 1284 onrisquc
269 1202 365 1266 decus
388 1166 501 1266 mdtris
524 1201 702 1265 reverentia
724 1206 847 1284 pensat.

62 1288 133 1353 Nos
156 1290 279 1354 Lucina
301 1290 396 1376 fugit,
418 1312 478 1354 nec
499 1289 634 1375 pignore
657 1289 792 1353 nitimur
813 1289 890 1354 ullo.

64 1376 146 1440 Cum
168 1376 273 1441 forma
295 1378 439 1461 dilapsus
461 1400 565 1463 amor,
588 1377 737 1442 defloruit
761 1377 826 1441 oris

62 1463 153 1529 Crat
129 1469 188 1528 t:1a
212 1487 276 1548 qua
297 1466 407 1530 miseri
430 1467 577 1550 scapulas
600 1470 652 1530 tut
638 1465 780 1529 tabimur
802 1465 893 1530 arte?

62 1551 133 1627 Qua
155 1552 299 1637 placeam
321 1554 446 1618 ratione
469 1555 604 1618 senex?’

623 1693 627 1698 .
649 1641 703 1706 Sic
725 1643 812 1706 fatus
834 1647 965 1708 acutum

63 1727 260 1814 Adgreditur
282 1729 408 1794 lenonis
432 1752 522 1815 opuS,
544 1752 603 1795 nec
626 1730 734 1816 segnis
757 1731 797 1794 ad
820 1735 923 1796 artem

63 1816 155 1881 Mens
173 1821 248 1881 ‘erat
270 1817 433 1901 officiique
456 1841 556 1903 capax
579 1840 753 1902 omnesque
775 1819 907 1903 pudoris

63 1904 225 1973 Hauserat
247 1905 388 1970 insidias.
436 1905 589 1971 Custodia
610 1907 701 1971 nulla
723 1908 842 1973 tuendo

62 1990 179 2057 Fidat
165 1997 252 2079 otro,
274 1994 357 2058 nulli
378 1998 529 2077 poterant
515 1995 718 2060 texcludere
741 2001 860 2062 vectes:

62 2079 122 2144 Ille
144 2082 196 2144 vel
219 2085 327 2146 aerata
293 2082 515 2148 tDanaen
504 2106 541 2148 ιιι
562 2087 651 2147 turre
673 2084 776 2149 latt
706 2088 776 2149 tent
778 2107 828 2149 em

61 2169 211 2234 Illiceret.
256 2169 368 2235 Fletus
392 2171 513 2235 domini
535 2172 680 2258 fingebat
702 2174 840 2238 amantis

61 2256 303 2341 Indomitasque
326 2281 426 2345 mora,
448 2264 520 2342 pret
520 2260 553 2324 ιο
506 2260 698 2325 tlenibat
684 2266 834 2326 tavaras

61 2345 307 2429 Lascivasque
298 2347 392 2432 1oois,
414 2369 482 2411 non
503 2348 653 2412 blandior
674 2349 761 2413 ullus
784 2355 861 2414 cunt
862 2351 890 2413 is

60 2432 277 2499 Ancillaetet
230 2435 377 2520 tetigisse
399 2435 446 2500 lat
432 2440 486 2501 tus
509 2436 586 2500 levit
572 2441 685 2520 terque
708 2436 848 2501 reductis

60 2520 217 2587 Vestibus
241 2523 367 2587 occulto
391 2524 512 2588 crimen
533 2524 701 2588 mandasse
727 2546 858 2587 susurro

61 2608 129 2674 Nec
152 2611 249 2674 furtis
273 2611 435 2693 quaesisse
457 2612 565 2675 locum
587 2634 646 2676 nec
667 2611 779 2676 fraude
802 2615 928 2696 reperta

63 2696 195 2762 Cautior
218 2698 300 2762 elusi
322 2699 470 2762 fremitus
492 2699 595 2763 vitare
617 2700 734 2764 mariti.

60 2784 157 2850 Haud
179 2787 238 2850 alit
224 2791 274 2850 etr
295 2787 447 2850 iuvenum
469 2787 607 2850 flammis
628 2787 793 2871 Ephyreia
815 2788 890 2852 Lais

61 2873 89 2937 E
114 2875 313 2959 geminot
266 2875 313 2938 dit
315 2878 368 2938 ata
389 2875 484 2960 mari,
507 2897 580 2940 curn
603 2879 689 2939 serta
711 2876 830 2940 refudit

62 2960 213 3047 Canities,
235 2963 300 3026 iam
322 2963 418 3027 turba
440 2985 559 3047 procax
581 2964 749 3046 noctisque
772 2964 890 3029 recedit

60 3049 214 3115 Ambitus
237 3056 270 3115 et
292 3073 365 3115 raro
388 3052 537 3135 pulsatur
558 3052 654 3115 ianua
676 3055 766 3116 tactu

61 3135 166 3221 Seque
188 3139 375 3204 reformidat
399 3141 528 3224 speculo
552 3139 722 3204 damnante
746 3145 905 3227 senectus,

60 3223 133 3290 Stat
156 3231 265 3292 tamen
287 3233 384 3311 atque
406 3228 486 3292 alias
510 3228 668 3313 succingit
691 3228 763 3293 lena
785 3229 951 3294 ministras
1037 3248 1073 3298 95

60 3313 286 3398 Dilectumque
309 3316 364 3380 diu
387 3316 533 3400 quamvis
556 3316 713 3402 longaeva
735 3317 872 3400 lupanar

60 3401 183 3467 Circuit
206 3408 239 3468 et
261 3405 401 3469 retinent
424 3426 539 3489 mores,
562 3403 649 3488 quod
670 3405 809 3488 perdidit
832 3410 928 3471 actas

126 3490 212 3556 Hine
229 3491 334 3558 honor
347 3491 521 3578 Eutropi03
541 3513 675 3576 cumque
694 3493 844 3558 omnibus
860 3494 954 3559 unica
967 3495 1076 3559 virtus
