2392 3870
208 134 291 205 (xx.)
310 136 349 191 ru
369 134 585 221 nvraorrvn
604 134 712 191 11333
731 134 930 191 saciacus,
1040 135 1083 200 79

347 297 526 383 Postquam
548 298 697 382 precibus
720 298 886 363 mitescere
908 295 1021 383 nullis,

66 385 144 452 Non
167 407 245 450 auro
272 388 406 451 cessisse
428 387 515 452 videt
539 387 712 470 creberque
733 386 870 450 recurrit

66 474 211 542 Nuntius
233 475 396 539 incassum
418 497 477 540 nec
501 497 574 558 spes
596 476 661 539 iam
683 475 822 540 foederis
845 477 948 539 extat:

67 563 209 628 Tandem
232 565 403 629 consilium
426 563 504 629 belli
527 564 693 629 confessus
717 563 833 649 agendi
1029 581 1081 630 330

66 651 119 716 Ad
142 673 200 716 sua
223 656 309 717 tecta
331 657 434 717 vocat.
479 650 615 718 Iuvenes
637 674 752 717 venere
774 652 917 737 protervi

66 740 257 823 Lascivique
280 762 385 827 senes,
409 741 527 824 quibus
551 744 600 807 est
622 740 761 826 insignis
784 740 897 805 edendi

67 827 178 907 Gloria
201 834 432 913 corruptasque
456 828 553 914 dapes
576 830 717 894 variasse
740 829 903 914 decorum,

67 916 129 993 Qui
151 922 296 982 ventrem
318 919 459 983 invitant
481 918 586 1003 pretio
609 917 805 1001 traduntque
828 917 938 1001 palato

66 1005 212 1071 Sidereas
234 1004 369 1071 Iunonis
392 1028 466 1071 aves
489 1011 522 1071 et
545 1006 573 1070 si
597 1028 660 1090 qua
682 1006 836 1089 loquendi
1028 1023 1081 1073 330

66 1092 174 1159 Gnara
197 1095 350 1160 coloratis
373 1095 484 1159 viridis
508 1095 649 1160 defertur
672 1095 712 1159 ab
735 1093 839 1181 indis,

65 1181 235 1258 Quaesitos
258 1188 349 1249 313113
371 1205 471 1270 regna
494 1184 597 1270 cibos,
621 1204 821 1267 quorumque
843 1182 1036 1267 profundam

64 1269 245 1357 ingluviem
267 1294 339 1342 non
356 1271 519 1358 Aegaeus,
540 1294 608 1337 non
630 1272 697 1336 alta
718 1270 907 1357 Propontis,

65 1357 142 1424 Non
165 1359 248 1424 freta
270 1361 458 1448 longinquis
481 1360 623 1426 Maeotia
644 1360 788 1445 piscibus
813 1361 950 1444 explent.

64 1447 175 1512 Vestis
200 1449 351 1514 odoratae
374 1449 530 1535 studium3
553 1449 624 1514 laus
647 1449 787 1513 maxima
809 1449 911 1513 risum
1027 1465 1079 1516 330

63 1536 126 1599 Ρ31
148 1558 248 1602 vanos
270 1539 411 1603 movisse
434 1540 517 1603 sales
540 1538 735 1621 minimeque
757 1538 866 1602 viriles

63 1623 256 1712 Munditiae3
279 1627 400 1711 compti
423 1627 546 1713 vultus3
571 1627 724 1711 onerique
746 1626 798 1690 vel
819 1626 891 1710 ipsa

64 1712 180 1778 Serica.
227 1714 263 1780 Si
287 1714 421 1779 Chunus
443 1714 552 1802 feriat,
575 1716 603 1780 si
627 1714 774 1780 Sarmata
796 1719 921 1801 portas,

63 1801 204 1867 Solliciti
226 1824 373 1888 scaenae3
395 1802 532 1868 Romam
555 1808 758 1869 contemnere
782 1805 866 1869 sueti

61 1888 238 1973 Mirarique
262 1912 351 1977 suas,
374 1889 469 1978 (quas
492 1891 681 1977 Bosphorus
696 1894 821 1958 obruat
829 1891 865 1980 1),
887 1893 994 1979 aedes3

63 1978 210 2043 Saltandi
233 1979 353 2044 dociles
376 1981 625 2067 aurigarumque
646 1983 751 2066 periti.
1025 1998 1076 2047 341

129 2065 209 2131 Pars
232 2068 348 2133 humili
372 2069 410 2133 de
432 2070 527 2154 plebe
550 2070 659 2156 duces;
682 2093 757 2154 pars
781 2071 931 2154 compede
955 2092 1046 2135 suras

63 2154 227 2239 Oruraque
251 2158 371 2243 signati
392 2158 487 2244 nigro
511 2159 645 2224 liventia
667 2159 752 2224 ferro

60 2243 136 2310 Iura
158 2250 289 2331 regrmt,
312 2245 410 2310 facies
434 2248 581 2330 quamvis
603 2249 760 2331 inscripta
782 2252 939 2334 repugnet

62 2331 166 2416 Seque
190 2355 248 2398 suo
271 2335 389 2419 prodat
411 2335 517 2400 titulo.
564 2335 627 2402 Sed
648 2337 753 2420 prima
775 2340 921 2420 potestas
1024 2351 1077 2401 340

60 2420 256 2504 Eutropium
279 2423 419 2506 praefert
442 2423 546 2488 Hosio
571 2425 708 2489 subnixa
732 2423 879 2491 secundo.

61 2509 196 2575 Dulcior
218 2511 271 2574 hic
295 2533 372 2576 33113
395 2512 519 2576 cunctis
542 2513 746 2596 prudensque
768 2510 917 2575 movendi

60 2596 145 2662 Iuris
169 2603 200 2663 33
224 2599 354 2663 admoto
379 2600 434 2682 qui
457 2604 614 2682 temperet
637 2601 745 2665 omnia
767 2600 873 2683 fumo,

59 2686 228 2773 Fervidus,
252 2708 419 2750 accensam
442 2687 498 2750 sed
521 2688 576 2771 qui
600 2688 681 2752 bene
704 2689 862 2770 decoquat
884 2687 973 2752 iram.

62 2773 241 2840 Considunt
265 2775 371 2859 apices
395 2775 515 2860 gemini
538 2775 674 2841 dicionis
696 2776 799 2862 ane,
1023 2794 1076 2843 330
1168 2840 1171 2845 ,

58 2862 123 2928 Η13
146 2885 255 2949 cocus,
277 2864 330 2928 hic
353 2863 440 2948 lenc,
463 2863 582 2930 defossi
604 2865 736 2930 verbere
758 2869 863 2951 terga,

60 2951 213 3037 Servitio‚
235 2975 302 3017 non
325 2957 393 3018 arte
416 2974 523 3039 pares,
546 2953 599 3020 bic
622 2954 749 3039 saepius
773 2958 913 3038 emptus,

58 3039 153 3104 Alter
177 3041 217 3105 ad
239 3041 403 3126 Hispanos
426 3042 569 3107 nutritus
592 3064 690 3108 verna
712 3047 853 3127 penates.

48 3167 50 3172 ·
125 3128 216 3214 Ergo
239 3130 296 3194 ubi
319 3130 447 3195 collecti
469 3152 630 3219 proceres,
654 3131 710 3215 qui
732 3132 829 3196 rebus
851 3131 886 3194 in
909 3131 988 3195 artis

60 3216 273 3283 Consulerent
296 3220 460 3303 tantisque
483 3220 596 3285 darent
619 3220 739 3285 solacia
761 3219 897 3306 morbis,
1023 3236 1075 3284 333

60 3302 163 3369 Obliti
187 3306 296 3372 subito
319 3307 482 3394 Phrygiae
504 3308 665 3392 bellisque
686 3309 808 3373 relictis

56 3486 59 3493 ’
130 3503 182 3552 340
202 3497 315 3572 obruat]
335 3501 461 3571 31333·
480 3498 587 3570 orara
606 3470 722 3556 rinus.
