2392 3870
99 149 143 212 42
422 148 569 203 ciavari
587 148 786 204 GLAVDlANl

99 311 144 375 Et
169 314 303 375 contusa
326 332 425 396 genas
448 309 560 374 mediis
585 310 715 393 adparet
739 312 773 375 in
796 312 892 376 astris
1061 334 1111 381 135

99 398 223 464 Africa:
246 399 400 462 rescissae
423 403 528 462 vestes
552 403 584 462 et
609 399 714 482 spicea
737 400 859 483 passim

101 487 194 553 Serta
216 487 334 572 iacent,
357 488 462 551 lacero
486 486 621 551 crinales
644 487 763 552 vertice
786 489 897 553 dentes

99 576 144 640 Et
167 576 306 640 fractum
328 575 487 658 pendebat
510 576 598 661 ebur,
621 576 743 659 talique
767 578 921 661 superbas

98 663 226 749 Inrupit
250 665 388 728 clamore
411 665 510 729 fores:

558 751 658 828 ‘Quid
680 775 796 840 magne
819 756 955 819 moraris

98 839 245 924 Iuppiter
268 841 380 906 avulso
402 863 488 905 nexu
510 840 681 927 pelagique
705 842 822 906 solutis

98 930 241 1015 Legibus
263 929 383 993 iratum
404 929 535 1012 populis
560 930 566 941 '
628 929 720 993 'ttere
742 930 898 996 fratrem?

98 1017 203 1104 Mergi
225 1019 329 1102 prima
352 1022 441 1102 peto,
464 1017 593 1082 veniant
615 1023 789 1103 praerupta
810 1019 964 1104 Pachyno

98 1105 259 1192 Aequora,
281 1106 398 1170 laxatis
423 1105 591 1170 subsidant
615 1105 765 1190 Syrtibus
791 1109 896 1174 urbes.

99 1193 134 1260 Si
157 1195 237 1258 mihi
260 1194 430 1260 Gildonem
451 1198 614 1277 nequeunt
638 1195 794 1259 abducere
816 1197 893 1282 fata,

98 1282 151 1347 Me
174 1305 251 1367 rape
275 1283 413 1348 Gildoni.
458 1282 596 1347 Felicior
618 1282 675 1347 illa
698 1289 846 1367 perustae

97 1370 178 1436 Pars
200 1372 331 1457 Libyae,
352 1372 453 1435 nimio
478 1394 559 1454 quae
583 1394 616 1435 se
638 1372 763 1436 munita
787 1374 891 1438 calore

97 1459 250 1525 Defendit
272 1460 419 1544 tantique
441 1465 534 1525 vacat
558 1482 669 1524 secura
691 1462 830 1543 tyranni.

99 1547 228 1613 Crescat
251 1572 332 1614 zona
354 1549 487 1634 rubens,
508 1549 632 1613 medius
655 1549 823 1635 flagrantis
847 1549 977 1634 Olympi

99 1637 151 1701 Me
175 1660 303 1721 quoque
325 1638 418 1702 limes
441 1641 531 1724 agat,
553 1637 669 1701 melius
692 1637 817 1702 deserta
839 1639 949 1703 iacebo

98 1724 247 1789 Vomeris
270 1726 449 1809 impatiens.
494 1726 603 1789 Pulsis
627 1726 832 1791 dominentur
854 1727 962 1792 aristis
1059 1746 1109 1794 150

97 1812 255 1897 Dipsades
278 1818 310 1877 et
333 1813 446 1878 sitiens
469 1814 599 1878 attollat
621 1815 737 1901 glaeba
760 1820 908 1881 cerastas.

99 1900 182 1977 Quid
205 1923 255 1964 me
277 1901 447 1986 temperies
470 1901 574 1966 iuvit?
612 1903 688 1986 quid
711 1903 822 1967 mitior
844 1905 975 1969 aether?

98 1989 228 2053 Gildoni
251 1990 386 2053 fecunda
408 1990 464 2054 fui.
509 1988 578 2054 Iam
602 1991 680 2055 solis
702 1992 847 2057 habenae

97 2078 154 2142 Bis
178 2100 270 2142 senas
293 2081 446 2162 torquent
468 2078 599 2165 hiemes,
622 2080 799 2145 cervicibus
822 2103 861 2145 ex
885 2105 948 2165 quo

96 2166 216 2230 Haeret
239 2167 332 2230 triste
355 2166 475 2252 iugum.
520 2166 652 2233 Nostris
675 2168 741 2232 iam
762 2169 905 2234 luctibus
928 2171 983 2235 ille
1059 2189 1107 2237 165

99 2254 274 2319 Consenuit
297 2277 495 2341 regnumque
518 2255 581 2319 sibi
603 2261 654 2320 tot
677 2257 818 2322 vindicat
842 2281 951 2324 annos

96 2341 205 2426 Atque
228 2344 352 2408 utinam
374 2347 523 2430 regnum!
559 2344 691 2410 Privato
714 2345 783 2410 iure
806 2350 953 2411 tenemur

96 2431 217 2518 Exigui
240 2433 344 2517 specie
367 2432 466 2497 fundi.
513 2432 606 2508 Quod
627 2432 731 2499 Nilus
748 2439 780 2498 et
802 2433 897 2499 Atlas

96 2519 249 2607 Dissidet,
273 2521 413 2587 occiduis
438 2522 524 2604 quod
547 2521 691 2586 Gadibus
715 2523 803 2587 arida
825 2523 926 2588 Barce

96 2607 251 2692 Quodque
273 2610 466 2690 Paraetonio
491 2609 609 2675 secedit
631 2611 726 2675 litore
749 2611 854 2698 Tingi,
1059 2631 1108 2680 160

94 2695 167 2762 Hoc
191 2698 253 2761 sibi
275 2699 480 2783 transcripsit
502 2699 676 2783 proprium.
721 2699 802 2764 Pars
825 2701 921 2764 tertia
944 2701 1055 2764 mundi

95 2784 200 2849 Vnius
223 2787 393 2870 praedonis
417 2810 501 2875 ager.

554 2875 777 2941 ‘Distantibus
799 2877 883 2941 idem

95 2960 185 3026 luter
208 2985 241 3026 se
264 2963 352 3027 vitiis
376 2964 513 3029 cinctus:
537 2964 760 3048 quodcumque
782 2965 943 3049 profunda

94 3050 208 3115 Traxit
231 3052 374 3139 avaritia,
396 3053 475 3117 luxu
498 3051 606 3137 peiore
629 3053 779 3118 refundit.

94 3137 201 3203 Instat
223 3141 379 3205 terribilis
401 3141 493 3226 vivis,
514 3141 728 3206 morientibus
751 3142 853 3228 heres,
1058 3161 1106 3210 165

94 3226 286 3313 Virginibus
309 3235 429 3315 raptor,
451 3229 604 3294 thalamis
628 3231 805 3295 obscaenus
828 3231 962 3298 adulter.

94 3314 195 3380 Nulla
219 3317 321 3400 quies:
345 3318 448 3382 oritur
470 3319 588 3401 praeda
611 3324 755 3383 cessante
778 3320 889 3405 libido,

94 3453 307 3462 ——-—-—

169 3516 218 3565 rao
238 3510 332 3582 Tingi]
353 3511 481 3580 pinguia
499 3483 615 3580 ganges.
