<?xml version="1.0" encoding="UTF-8"?>
<!DOCTYPE html PUBLIC "-//W3C//DTD XHTML 1.0 Transitional//EN"
    "http://www.w3.org/TR/xhtml1/DTD/xhtml1-transitional.dtd">
<html xmlns="http://www.w3.org/1999/xhtml" xml:lang="en" lang="en">
 <head>
  <title>
</title>
<meta http-equiv="Content-Type" content="text/html;charset=utf-8" />
  <meta name='ocr-system' content='tesseract 3.04.00' />
  <meta name='ocr-capabilities' content='ocr_page ocr_carea ocr_par ocr_line ocrx_word'/>
</head>
<body>
  <div class='ocr_page' id='page_1' title='image "./claudiiclaudian03claugoog_0192.png"; bbox 0 0 2392 3870; ppageno 0'>
   <div class='ocr_carea' id='block_1_1' title="bbox 71 150 1082 241">
    <p class='ocr_par' dir='ltr' id='par_1_1' title="bbox 71 150 1082 241">
     <span class='ocr_line' id='line_1_1' title="bbox 71 150 1082 241; baseline 0 -32"><span class='ocrx_word' id='word_1_1' title='bbox 71 152 167 224; x_wconf 85' lang='lat' dir='ltr'>(VIII.)</span> <span class='ocrx_word' id='word_1_2' title='bbox 181 151 365 207; x_wconf 79' lang='lat' dir='ltr'>PANEGYR.</span> <span class='ocrx_word' id='word_1_3' title='bbox 378 151 427 206; x_wconf 86' lang='lat' dir='ltr'>DE</span> <span class='ocrx_word' id='word_1_4' title='bbox 442 151 591 241; x_wconf 76' lang='lat' dir='ltr'><strong>QVARTO</strong></span> <span class='ocrx_word' id='word_1_5' title='bbox 606 150 822 208; x_wconf 81' lang='lat' dir='ltr'><strong>CONSVLATV</strong></span> <span class='ocrx_word' id='word_1_6' title='bbox 835 152 999 209; x_wconf 83' lang='lat' dir='ltr'>HONORII.</span> <span class='ocrx_word' id='word_1_7' title='bbox 1022 154 1082 218; x_wconf 82' lang='lat'>121</span> 
     </span>
    </p>
   </div>
   <div class='ocr_carea' id='block_1_2' title="bbox 68 314 1087 3594">
    <p class='ocr_par' dir='ltr' id='par_1_2' title="bbox 68 314 930 399">
     <span class='ocr_line' id='line_1_2' title="bbox 68 314 930 399; baseline 0 -19"><span class='ocrx_word' id='word_1_8' title='bbox 68 315 138 380; x_wconf 85' lang='lat' dir='ltr'>Vos</span> <span class='ocrx_word' id='word_1_9' title='bbox 162 315 245 378; x_wconf 90' lang='lat' dir='ltr'>celer</span> <span class='ocrx_word' id='word_1_10' title='bbox 267 314 452 398; x_wconf 74' lang='lat' dir='ltr'>Euphrates</span> <span class='ocrx_word' id='word_1_11' title='bbox 475 314 601 399; x_wconf 88' lang='lat' dir='ltr'>timeat,</span> <span class='ocrx_word' id='word_1_12' title='bbox 625 315 668 379; x_wconf 92' lang='lat' dir='ltr'>sit</span> <span class='ocrx_word' id='word_1_13' title='bbox 690 315 787 380; x_wconf 90' lang='lat' dir='ltr'>Nilus</span> <span class='ocrx_word' id='word_1_14' title='bbox 809 316 930 399; x_wconf 88' lang='lat' dir='ltr'>ubique</span> 
     </span>
    </p>

    <p class='ocr_par' dir='ltr' id='par_1_3' title="bbox 68 403 880 486">
     <span class='ocr_line' id='line_1_3' title="bbox 68 403 880 486; baseline 0.001 -18"><span class='ocrx_word' id='word_1_15' title='bbox 68 404 186 468; x_wconf 82' lang='lat' dir='ltr'>Vester</span> <span class='ocrx_word' id='word_1_16' title='bbox 209 407 241 466; x_wconf 89' lang='lat' dir='ltr'>et</span> <span class='ocrx_word' id='word_1_17' title='bbox 264 403 381 467; x_wconf 89' lang='lat' dir='ltr'>emisso</span> <span class='ocrx_word' id='word_1_18' title='bbox 405 403 561 486; x_wconf 93' lang='lat' dir='ltr'>quidquid</span> <span class='ocrx_word' id='word_1_19' title='bbox 584 404 635 467; x_wconf 90' lang='lat' dir='ltr'>sol</span> <span class='ocrx_word' id='word_1_20' title='bbox 656 403 774 468; x_wconf 92' lang='lat' dir='ltr'>imbuit</span> <span class='ocrx_word' id='word_1_21' title='bbox 798 409 880 469; x_wconf 88' lang='lat' dir='ltr'>ortu.</span> 
     </span>
    </p>

    <p class='ocr_par' dir='ltr' id='par_1_4' title="bbox 70 490 1085 666">
     <span class='ocr_line' id='line_1_4' title="bbox 70 490 1085 578; baseline 0.004 -22"><span class='ocrx_word' id='word_1_22' title='bbox 70 492 105 556; x_wconf 83' lang='lat' dir='ltr'>Si</span> <span class='ocrx_word' id='word_1_23' title='bbox 128 495 260 576; x_wconf 88' lang='lat' dir='ltr'>pateant</span> <span class='ocrx_word' id='word_1_24' title='bbox 282 490 397 578; x_wconf 85' lang='lat' dir='ltr'>Alpes,</span> <span class='ocrx_word' id='word_1_25' title='bbox 419 491 538 556; x_wconf 90' lang='lat' dir='ltr'>habeat</span> <span class='ocrx_word' id='word_1_26' title='bbox 562 492 590 555; x_wconf 91' lang='lat' dir='ltr'>si</span> <span class='ocrx_word' id='word_1_27' title='bbox 614 514 710 556; x_wconf 89' lang='lat' dir='ltr'>causa</span> <span class='ocrx_word' id='word_1_28' title='bbox 733 493 890 557; x_wconf 92' lang='lat' dir='ltr'>secundos</span> <span class='ocrx_word' id='word_1_29' title='bbox 1033 511 1085 560; x_wconf 83' lang='grc'>390</span> 
     </span>
     <span class='ocr_line' id='line_1_5' title="bbox 71 579 857 666; baseline 0 -21"><span class='ocrx_word' id='word_1_30' title='bbox 71 580 193 645; x_wconf 82' lang='lat' dir='ltr'>Iustior</span> <span class='ocrx_word' id='word_1_31' title='bbox 217 585 364 666; x_wconf 87' lang='lat' dir='ltr'>eventus,</span> <span class='ocrx_word' id='word_1_32' title='bbox 388 579 493 644; x_wconf 89' lang='lat' dir='ltr'>aderis</span> <span class='ocrx_word' id='word_1_33' title='bbox 516 585 688 665; x_wconf 87' lang='lat' dir='ltr'>partesque</span> <span class='ocrx_word' id='word_1_34' title='bbox 711 585 857 665; x_wconf 91' lang='lat' dir='ltr'>receptas</span> 
     </span>
    </p>

    <p class='ocr_par' dir='ltr' id='par_1_5' title="bbox 72 668 815 756">
     <span class='ocr_line' id='line_1_6' title="bbox 72 668 815 756; baseline -0.001 -22"><span class='ocrx_word' id='word_1_35' title='bbox 72 669 247 755; x_wconf 74' lang='lat' dir='ltr'>SuscipieS,</span> <span class='ocrx_word' id='word_1_36' title='bbox 270 669 416 734; x_wconf 89' lang='lat' dir='ltr'>animosa</span> <span class='ocrx_word' id='word_1_37' title='bbox 439 673 513 733; x_wconf 90' lang='lat' dir='ltr'>tuas</span> <span class='ocrx_word' id='word_1_38' title='bbox 535 673 573 733; x_wconf 92' lang='lat' dir='ltr'>ut</span> <span class='ocrx_word' id='word_1_39' title='bbox 598 668 703 734; x_wconf 83' lang='lat' dir='ltr'>Gallia</span> <span class='ocrx_word' id='word_1_40' title='bbox 726 671 815 756; x_wconf 86' lang='lat' dir='ltr'>leges</span> 
     </span>
    </p>

    <p class='ocr_par' dir='ltr' id='par_1_6' title="bbox 70 758 915 841">
     <span class='ocr_line' id='line_1_7' title="bbox 70 758 915 841; baseline 0 -18"><span class='ocrx_word' id='word_1_41' title='bbox 70 758 190 823; x_wconf 86' lang='lat' dir='ltr'>Audiat</span> <span class='ocrx_word' id='word_1_42' title='bbox 215 762 247 822; x_wconf 90' lang='lat' dir='ltr'>et</span> <span class='ocrx_word' id='word_1_43' title='bbox 268 762 400 823; x_wconf 90' lang='lat' dir='ltr'>nostros</span> <span class='ocrx_word' id='word_1_44' title='bbox 423 779 545 841; x_wconf 89' lang='lat' dir='ltr'>aequus</span> <span class='ocrx_word' id='word_1_45' title='bbox 568 758 743 822; x_wconf 91' lang='lat' dir='ltr'>modereris</span> <span class='ocrx_word' id='word_1_46' title='bbox 765 758 915 823; x_wconf 89' lang='lat' dir='ltr'>Hiberos.</span> 
     </span>
    </p>

    <p class='ocr_par' dir='ltr' id='par_1_7' title="bbox 71 847 845 933">
     <span class='ocr_line' id='line_1_8' title="bbox 71 847 845 933; baseline -0.001 -22"><span class='ocrx_word' id='word_1_47' title='bbox 71 848 160 911; x_wconf 83' lang='lat' dir='ltr'>Tunc</span> <span class='ocrx_word' id='word_1_48' title='bbox 183 869 243 933; x_wconf 91' lang='lat' dir='ltr'>ego</span> <span class='ocrx_word' id='word_1_49' title='bbox 268 868 399 911; x_wconf 88' lang='lat' dir='ltr'>securus</span> <span class='ocrx_word' id='word_1_50' title='bbox 421 847 482 910; x_wconf 83' lang='lat' dir='ltr'>fati</span> <span class='ocrx_word' id='word_1_51' title='bbox 504 847 673 930; x_wconf 89' lang='lat' dir='ltr'>laetusque</span> <span class='ocrx_word' id='word_1_52' title='bbox 696 847 845 911; x_wconf 88' lang='lat' dir='ltr'>laborum</span> 
     </span>
    </p>

    <p class='ocr_par' dir='ltr' id='par_1_8' title="bbox 69 936 1086 1022">
     <span class='ocr_line' id='line_1_9' title="bbox 69 936 1086 1022; baseline 0.003 -23"><span class='ocrx_word' id='word_1_53' title='bbox 69 936 254 1022; x_wconf 79' lang='lat' dir='ltr'>Discedam,</span> <span class='ocrx_word' id='word_1_54' title='bbox 276 936 370 1000; x_wconf 83' lang='lat' dir='ltr'>vobis</span> <span class='ocrx_word' id='word_1_55' title='bbox 393 939 567 1018; x_wconf 88' lang='lat' dir='ltr'>utrumque</span> <span class='ocrx_word' id='word_1_56' title='bbox 589 936 778 1022; x_wconf 89' lang='lat' dir='ltr'>regentibus</span> <span class='ocrx_word' id='word_1_57' title='bbox 801 958 902 1001; x_wconf 87' lang='lat' dir='ltr'>axem.</span> <span class='ocrx_word' id='word_1_58' title='bbox 1034 952 1086 1002; x_wconf 84' lang='lat'>395</span> 
     </span>
    </p>

    <p class='ocr_par' dir='ltr' id='par_1_9' title="bbox 70 1024 1084 1640">
     <span class='ocr_line' id='line_1_10' title="bbox 138 1024 956 1111; baseline 0.001 -23"><span class='ocrx_word' id='word_1_59' title='bbox 138 1024 277 1089; x_wconf 77' lang='lat' dir='ltr'>‘Interea</span> <span class='ocrx_word' id='word_1_60' title='bbox 299 1024 403 1088; x_wconf 91' lang='lat' dir='ltr'>Musis</span> <span class='ocrx_word' id='word_1_61' title='bbox 427 1024 567 1110; x_wconf 89' lang='lat' dir='ltr'>animus,</span> <span class='ocrx_word' id='word_1_62' title='bbox 591 1024 667 1088; x_wconf 93' lang='lat' dir='ltr'>dum</span> <span class='ocrx_word' id='word_1_63' title='bbox 689 1025 833 1111; x_wconf 89' lang='lat' dir='ltr'>mollior,</span> <span class='ocrx_word' id='word_1_64' title='bbox 856 1025 956 1090; x_wconf 90' lang='lat' dir='ltr'>instet</span> 
     </span>
     <span class='ocr_line' id='line_1_11' title="bbox 70 1113 1001 1199; baseline 0 -21"><span class='ocrx_word' id='word_1_65' title='bbox 70 1115 115 1178; x_wconf 83' lang='lat' dir='ltr'>Et</span> <span class='ocrx_word' id='word_1_66' title='bbox 139 1136 221 1197; x_wconf 89' lang='lat' dir='ltr'>quae</span> <span class='ocrx_word' id='word_1_67' title='bbox 244 1135 321 1177; x_wconf 81' lang='lat' dir='ltr'>mox</span> <span class='ocrx_word' id='word_1_68' title='bbox 343 1113 470 1178; x_wconf 76' lang='lat' dir='ltr'>imitere</span> <span class='ocrx_word' id='word_1_69' title='bbox 492 1113 594 1199; x_wconf 72' lang='lat' dir='ltr'>legat,</span> <span class='ocrx_word' id='word_1_70' title='bbox 617 1135 676 1177; x_wconf 90' lang='lat' dir='ltr'>nec</span> <span class='ocrx_word' id='word_1_71' title='bbox 699 1113 824 1177; x_wconf 89' lang='lat' dir='ltr'>desinat</span> <span class='ocrx_word' id='word_1_72' title='bbox 847 1135 1001 1197; x_wconf 89' lang='lat' dir='ltr'>umquam</span> 
     </span>
     <span class='ocr_line' id='line_1_12' title="bbox 71 1201 912 1288; baseline 0 -22"><span class='ocrx_word' id='word_1_73' title='bbox 71 1203 189 1266; x_wconf 83' lang='lat' dir='ltr'>Tecum</span> <span class='ocrx_word' id='word_1_74' title='bbox 214 1201 311 1267; x_wconf 83' lang='lat' dir='ltr'>Graia</span> <span class='ocrx_word' id='word_1_75' title='bbox 333 1202 437 1288; x_wconf 89' lang='lat' dir='ltr'>loqui,</span> <span class='ocrx_word' id='word_1_76' title='bbox 460 1206 567 1266; x_wconf 89' lang='lat' dir='ltr'>tecum</span> <span class='ocrx_word' id='word_1_77' title='bbox 589 1202 736 1266; x_wconf 83' lang='lat' dir='ltr'>Romana</span> <span class='ocrx_word' id='word_1_78' title='bbox 757 1205 912 1266; x_wconf 84' lang='lat' dir='ltr'>vetustas.</span> 
     </span>
     <span class='ocr_line' id='line_1_13' title="bbox 70 1290 827 1375; baseline 0 -21"><span class='ocrx_word' id='word_1_79' title='bbox 70 1291 235 1374; x_wconf 78' lang='lat' dir='ltr'>Antiquos</span> <span class='ocrx_word' id='word_1_80' title='bbox 258 1290 370 1355; x_wconf 88' lang='lat' dir='ltr'>evolve</span> <span class='ocrx_word' id='word_1_81' title='bbox 393 1290 502 1375; x_wconf 88' lang='lat' dir='ltr'>duces,</span> <span class='ocrx_word' id='word_1_82' title='bbox 525 1290 677 1354; x_wconf 89' lang='lat' dir='ltr'>adsuesce</span> <span class='ocrx_word' id='word_1_83' title='bbox 699 1291 827 1354; x_wconf 87' lang='lat' dir='ltr'>futurae</span> 
     </span>
     <span class='ocr_line' id='line_1_14' title="bbox 71 1379 1084 1465; baseline 0.002 -22"><span class='ocrx_word' id='word_1_84' title='bbox 71 1379 223 1465; x_wconf 82' lang='lat' dir='ltr'>Militiae,</span> <span class='ocrx_word' id='word_1_85' title='bbox 244 1379 375 1443; x_wconf 90' lang='lat' dir='ltr'>Latium</span> <span class='ocrx_word' id='word_1_86' title='bbox 398 1383 484 1443; x_wconf 89' lang='lat' dir='ltr'>retro</span> <span class='ocrx_word' id='word_1_87' title='bbox 508 1383 541 1443; x_wconf 95' lang='lat' dir='ltr'>te</span> <span class='ocrx_word' id='word_1_88' title='bbox 565 1379 675 1444; x_wconf 84' lang='lat' dir='ltr'>confer</span> <span class='ocrx_word' id='word_1_89' title='bbox 696 1379 731 1443; x_wconf 89' lang='lat' dir='ltr'>in</span> <span class='ocrx_word' id='word_1_90' title='bbox 754 1401 876 1443; x_wconf 87' lang='lat' dir='ltr'>aevum.</span> <span class='ocrx_word' id='word_1_91' title='bbox 1033 1396 1084 1446; x_wconf 82' lang='grc'>400</span> 
     </span>
     <span class='ocr_line' id='line_1_15' title="bbox 70 1467 889 1551; baseline 0.001 -20"><span class='ocrx_word' id='word_1_92' title='bbox 70 1468 220 1532; x_wconf 87' lang='lat' dir='ltr'>Libertas</span> <span class='ocrx_word' id='word_1_93' title='bbox 244 1467 390 1550; x_wconf 87' lang='lat' dir='ltr'>quaesita</span> <span class='ocrx_word' id='word_1_94' title='bbox 412 1468 540 1551; x_wconf 81' lang='lat' dir='ltr'>placet?</span> <span class='ocrx_word' id='word_1_95' title='bbox 562 1468 720 1532; x_wconf 82' lang='lat' dir='ltr'>mirabere</span> <span class='ocrx_word' id='word_1_96' title='bbox 743 1468 889 1532; x_wconf 91' lang='lat' dir='ltr'>Brutum.</span> 
     </span>
     <span class='ocr_line' id='line_1_16' title="bbox 71 1555 890 1640; baseline -0.001 -20"><span class='ocrx_word' id='word_1_97' title='bbox 71 1556 244 1621; x_wconf 88' lang='lat' dir='ltr'>Perfidiam</span> <span class='ocrx_word' id='word_1_98' title='bbox 268 1556 423 1621; x_wconf 77' lang='lat' dir='ltr'>damnas?</span> <span class='ocrx_word' id='word_1_99' title='bbox 467 1556 564 1621; x_wconf 92' lang='lat' dir='ltr'>Metti</span> <span class='ocrx_word' id='word_1_100' title='bbox 587 1557 746 1620; x_wconf 83' lang='lat' dir='ltr'>satiabere</span> <span class='ocrx_word' id='word_1_101' title='bbox 769 1555 890 1640; x_wconf 82' lang='lat' dir='ltr'>poenis.</span> 
     </span>
    </p>

    <p class='ocr_par' dir='ltr' id='par_1_10' title="bbox 72 1644 945 1732">
     <span class='ocr_line' id='line_1_17' title="bbox 72 1644 945 1732; baseline -0.001 -23"><span class='ocrx_word' id='word_1_102' title='bbox 72 1645 178 1709; x_wconf 83' lang='lat' dir='ltr'>Triste</span> <span class='ocrx_word' id='word_1_103' title='bbox 201 1645 291 1732; x_wconf 91' lang='lat' dir='ltr'>rigor</span> <span class='ocrx_word' id='word_1_104' title='bbox 312 1645 455 1710; x_wconf 83' lang='lat' dir='ltr'>nimius?</span> <span class='ocrx_word' id='word_1_105' title='bbox 500 1644 658 1728; x_wconf 74' lang='lat' dir='ltr'>Torquati</span> <span class='ocrx_word' id='word_1_106' title='bbox 681 1645 808 1728; x_wconf 90' lang='lat' dir='ltr'>despice</span> <span class='ocrx_word' id='word_1_107' title='bbox 829 1666 945 1709; x_wconf 90' lang='lat' dir='ltr'>mores.</span> 
     </span>
    </p>

    <p class='ocr_par' dir='ltr' id='par_1_11' title="bbox 71 1733 992 1817">
     <span class='ocr_line' id='line_1_18' title="bbox 71 1733 992 1817; baseline 0 -19"><span class='ocrx_word' id='word_1_108' title='bbox 71 1734 160 1798; x_wconf 92' lang='lat' dir='ltr'>Mors</span> <span class='ocrx_word' id='word_1_109' title='bbox 183 1734 329 1817; x_wconf 89' lang='lat' dir='ltr'>impensa</span> <span class='ocrx_word' id='word_1_110' title='bbox 351 1734 495 1799; x_wconf 81' lang='lat' dir='ltr'>bonum?</span> <span class='ocrx_word' id='word_1_111' title='bbox 539 1733 657 1798; x_wconf 80' lang='lat' dir='ltr'>Decios</span> <span class='ocrx_word' id='word_1_112' title='bbox 680 1755 831 1798; x_wconf 85' lang='lat' dir='ltr'>venerare</span> <span class='ocrx_word' id='word_1_113' title='bbox 854 1737 992 1799; x_wconf 83' lang='lat' dir='ltr'>ruentes.</span> 
     </span>
    </p>

    <p class='ocr_par' dir='ltr' id='par_1_12' title="bbox 71 1822 1086 1998">
     <span class='ocr_line' id='line_1_19' title="bbox 71 1822 1086 1908; baseline 0.001 -21"><span class='ocrx_word' id='word_1_114' title='bbox 71 1823 134 1887; x_wconf 91' lang='lat' dir='ltr'>Vel</span> <span class='ocrx_word' id='word_1_115' title='bbox 158 1823 247 1887; x_wconf 93' lang='lat' dir='ltr'>solus</span> <span class='ocrx_word' id='word_1_116' title='bbox 271 1822 349 1905; x_wconf 92' lang='lat' dir='ltr'>quid</span> <span class='ocrx_word' id='word_1_117' title='bbox 371 1823 467 1886; x_wconf 88' lang='lat' dir='ltr'>fortis</span> <span class='ocrx_word' id='word_1_118' title='bbox 490 1826 580 1908; x_wconf 87' lang='lat' dir='ltr'>agat,</span> <span class='ocrx_word' id='word_1_119' title='bbox 602 1826 635 1886; x_wconf 90' lang='lat' dir='ltr'>te</span> <span class='ocrx_word' id='word_1_120' title='bbox 658 1827 757 1906; x_wconf 89' lang='lat' dir='ltr'>ponte</span> <span class='ocrx_word' id='word_1_121' title='bbox 781 1823 889 1887; x_wconf 90' lang='lat' dir='ltr'>soluto</span> <span class='ocrx_word' id='word_1_122' title='bbox 1032 1839 1086 1889; x_wconf 81' lang='lat'>405</span> 
     </span>
     <span class='ocr_line' id='line_1_20' title="bbox 73 1909 881 1998; baseline 0 -23"><span class='ocrx_word' id='word_1_123' title='bbox 73 1911 250 1995; x_wconf 90' lang='lat' dir='ltr'>Oppositus</span> <span class='ocrx_word' id='word_1_124' title='bbox 275 1909 400 1995; x_wconf 75' lang='lat' dir='ltr'>Cocles,</span> <span class='ocrx_word' id='word_1_125' title='bbox 423 1909 511 1975; x_wconf 90' lang='lat' dir='ltr'>Muci</span> <span class='ocrx_word' id='word_1_126' title='bbox 532 1915 566 1975; x_wconf 92' lang='lat' dir='ltr'>te</span> <span class='ocrx_word' id='word_1_127' title='bbox 588 1912 718 1975; x_wconf 88' lang='lat' dir='ltr'>flamma</span> <span class='ocrx_word' id='word_1_128' title='bbox 741 1911 881 1998; x_wconf 81' lang='lat' dir='ltr'>docebit3</span> 
     </span>
    </p>

    <p class='ocr_par' dir='ltr' id='par_1_13' title="bbox 71 1996 1086 2441">
     <span class='ocr_line' id='line_1_21' title="bbox 74 1996 1023 2086; baseline 0.002 -24"><span class='ocrx_word' id='word_1_129' title='bbox 74 2000 157 2077; x_wconf 83' lang='lat' dir='ltr'>Quid</span> <span class='ocrx_word' id='word_1_130' title='bbox 180 2021 271 2063; x_wconf 89' lang='lat' dir='ltr'>mora</span> <span class='ocrx_word' id='word_1_131' title='bbox 293 1999 486 2085; x_wconf 83' lang='lat' dir='ltr'>perfringat,</span> <span class='ocrx_word' id='word_1_132' title='bbox 508 1996 642 2086; x_wconf 67' lang='lat' dir='ltr'>Fabiae,</span> <span class='ocrx_word' id='word_1_133' title='bbox 666 2000 744 2083; x_wconf 92' lang='lat' dir='ltr'>quid</span> <span class='ocrx_word' id='word_1_134' title='bbox 766 2001 863 2064; x_wconf 90' lang='lat' dir='ltr'>rebus</span> <span class='ocrx_word' id='word_1_135' title='bbox 885 2000 921 2064; x_wconf 92' lang='lat' dir='ltr'>in</span> <span class='ocrx_word' id='word_1_136' title='bbox 943 2001 1023 2065; x_wconf 89' lang='lat' dir='ltr'>artis</span> 
     </span>
     <span class='ocr_line' id='line_1_22' title="bbox 72 2087 962 2175; baseline 0.002 -23"><span class='ocrx_word' id='word_1_137' title='bbox 72 2090 147 2152; x_wconf 86' lang='lat' dir='ltr'>Dux</span> <span class='ocrx_word' id='word_1_138' title='bbox 171 2092 278 2174; x_wconf 84' lang='lat' dir='ltr'>gerat,</span> <span class='ocrx_word' id='word_1_139' title='bbox 302 2087 449 2152; x_wconf 90' lang='lat' dir='ltr'>ostendet</span> <span class='ocrx_word' id='word_1_140' title='bbox 473 2087 641 2153; x_wconf 76' lang='lat' dir='ltr'>Gallorum</span> <span class='ocrx_word' id='word_1_141' title='bbox 665 2093 773 2175; x_wconf 84' lang='lat' dir='ltr'>strage</span> <span class='ocrx_word' id='word_1_142' title='bbox 798 2088 962 2154; x_wconf 80' lang='lat' dir='ltr'>Camillus.</span> 
     </span>
     <span class='ocr_line' id='line_1_23' title="bbox 71 2176 903 2242; baseline 0.001 -1"><span class='ocrx_word' id='word_1_143' title='bbox 71 2177 217 2241; x_wconf 84' lang='lat' dir='ltr'>Discitur</span> <span class='ocrx_word' id='word_1_144' title='bbox 239 2176 315 2240; x_wconf 90' lang='lat' dir='ltr'>hinc</span> <span class='ocrx_word' id='word_1_145' title='bbox 337 2177 446 2241; x_wconf 88' lang='lat' dir='ltr'>nullos</span> <span class='ocrx_word' id='word_1_146' title='bbox 468 2177 593 2242; x_wconf 90' lang='lat' dir='ltr'>meritis</span> <span class='ocrx_word' id='word_1_147' title='bbox 617 2177 774 2242; x_wconf 89' lang='lat' dir='ltr'>obsistere</span> <span class='ocrx_word' id='word_1_148' title='bbox 797 2200 903 2242; x_wconf 89' lang='lat' dir='ltr'>casus:</span> 
     </span>
     <span class='ocr_line' id='line_1_24' title="bbox 71 2266 1086 2352; baseline 0.002 -23"><span class='ocrx_word' id='word_1_149' title='bbox 71 2267 233 2351; x_wconf 90' lang='lat' dir='ltr'>Prorogat</span> <span class='ocrx_word' id='word_1_150' title='bbox 255 2269 418 2330; x_wconf 84' lang='lat' dir='ltr'>aeternam</span> <span class='ocrx_word' id='word_1_151' title='bbox 441 2266 554 2330; x_wconf 86' lang='lat' dir='ltr'>feritas</span> <span class='ocrx_word' id='word_1_152' title='bbox 577 2266 639 2331; x_wconf 90' lang='lat' dir='ltr'>tibi</span> <span class='ocrx_word' id='word_1_153' title='bbox 660 2266 783 2331; x_wconf 90' lang='lat' dir='ltr'>Punica</span> <span class='ocrx_word' id='word_1_154' title='bbox 806 2269 939 2352; x_wconf 88' lang='lat' dir='ltr'>famam,</span> <span class='ocrx_word' id='word_1_155' title='bbox 1033 2282 1086 2332; x_wconf 89' lang='grc'>410</span> 
     </span>
     <span class='ocr_line' id='line_1_25' title="bbox 72 2354 899 2441; baseline -0.002 -22"><span class='ocrx_word' id='word_1_156' title='bbox 72 2355 209 2441; x_wconf 71' lang='lat' dir='ltr'>Regula,</span> <span class='ocrx_word' id='word_1_157' title='bbox 233 2376 399 2419; x_wconf 83' lang='lat' dir='ltr'>successus</span> <span class='ocrx_word' id='word_1_158' title='bbox 423 2359 577 2439; x_wconf 88' lang='lat' dir='ltr'>superant</span> <span class='ocrx_word' id='word_1_159' title='bbox 600 2355 733 2419; x_wconf 83' lang='lat' dir='ltr'>adversa</span> <span class='ocrx_word' id='word_1_160' title='bbox 758 2354 899 2419; x_wconf 75' lang='lat' dir='ltr'>Catonis.</span> 
     </span>
    </p>

    <p class='ocr_par' dir='ltr' id='par_1_14' title="bbox 70 2441 1085 2880">
     <span class='ocr_line' id='line_1_26' title="bbox 72 2441 965 2527; baseline -0.002 -20"><span class='ocrx_word' id='word_1_161' title='bbox 72 2444 218 2507; x_wconf 87' lang='lat' dir='ltr'>Discitur</span> <span class='ocrx_word' id='word_1_162' title='bbox 240 2443 315 2507; x_wconf 90' lang='lat' dir='ltr'>hinc</span> <span class='ocrx_word' id='word_1_163' title='bbox 339 2448 496 2527; x_wconf 89' lang='lat' dir='ltr'>quantum</span> <span class='ocrx_word' id='word_1_164' title='bbox 519 2447 693 2527; x_wconf 87' lang='lat' dir='ltr'>paupertas</span> <span class='ocrx_word' id='word_1_165' title='bbox 717 2442 826 2507; x_wconf 89' lang='lat' dir='ltr'>sobria</span> <span class='ocrx_word' id='word_1_166' title='bbox 848 2441 965 2525; x_wconf 90' lang='lat' dir='ltr'>possit:</span> 
     </span>
     <span class='ocr_line' id='line_1_27' title="bbox 72 2529 957 2617; baseline -0.005 -21"><span class='ocrx_word' id='word_1_167' title='bbox 72 2532 199 2615; x_wconf 90' lang='lat' dir='ltr'>Pauper</span> <span class='ocrx_word' id='word_1_168' title='bbox 222 2536 291 2596; x_wconf 88' lang='lat' dir='ltr'>erat</span> <span class='ocrx_word' id='word_1_169' title='bbox 316 2531 445 2616; x_wconf 78' lang='lat' dir='ltr'>Curiae,</span> <span class='ocrx_word' id='word_1_170' title='bbox 469 2553 561 2617; x_wconf 90' lang='lat' dir='ltr'>reges</span> <span class='ocrx_word' id='word_1_171' title='bbox 585 2553 658 2595; x_wconf 92' lang='lat' dir='ltr'>cum</span> <span class='ocrx_word' id='word_1_172' title='bbox 680 2531 822 2595; x_wconf 80' lang='lat' dir='ltr'>vinceret</span> <span class='ocrx_word' id='word_1_173' title='bbox 845 2529 957 2614; x_wconf 89' lang='lat' dir='ltr'>armis,</span> 
     </span>
     <span class='ocr_line' id='line_1_28' title="bbox 71 2618 980 2705; baseline -0.004 -20"><span class='ocrx_word' id='word_1_174' title='bbox 71 2621 198 2705; x_wconf 87' lang='lat' dir='ltr'>Pauper</span> <span class='ocrx_word' id='word_1_175' title='bbox 220 2619 403 2703; x_wconf 84' lang='lat' dir='ltr'>Fabricius,</span> <span class='ocrx_word' id='word_1_176' title='bbox 425 2618 544 2701; x_wconf 80' lang='lat' dir='ltr'>Pyrrhi</span> <span class='ocrx_word' id='word_1_177' title='bbox 568 2640 640 2683; x_wconf 89' lang='lat' dir='ltr'>cum</span> <span class='ocrx_word' id='word_1_178' title='bbox 664 2622 828 2702; x_wconf 85' lang='lat' dir='ltr'>sperneret</span> <span class='ocrx_word' id='word_1_179' title='bbox 852 2640 980 2703; x_wconf 80' lang='lat' dir='ltr'>aurum3</span> 
     </span>
     <span class='ocr_line' id='line_1_29' title="bbox 72 2705 1085 2774; baseline -0.003 0"><span class='ocrx_word' id='word_1_180' title='bbox 72 2709 207 2774; x_wconf 82' lang='lat' dir='ltr'>Sordida</span> <span class='ocrx_word' id='word_1_181' title='bbox 231 2707 369 2770; x_wconf 88' lang='lat' dir='ltr'>dictator</span> <span class='ocrx_word' id='word_1_182' title='bbox 391 2706 482 2769; x_wconf 86' lang='lat' dir='ltr'>flexit</span> <span class='ocrx_word' id='word_1_183' title='bbox 505 2705 662 2770; x_wconf 82' lang='lat' dir='ltr'>Serranus</span> <span class='ocrx_word' id='word_1_184' title='bbox 685 2710 805 2770; x_wconf 89' lang='lat' dir='ltr'>aratra:</span> <span class='ocrx_word' id='word_1_185' title='bbox 1032 2723 1085 2772; x_wconf 82' lang='lat'>415</span> 
     </span>
     <span class='ocr_line' id='line_1_30' title="bbox 70 2794 842 2880; baseline -0.004 -18"><span class='ocrx_word' id='word_1_186' title='bbox 70 2799 243 2862; x_wconf 86' lang='lat' dir='ltr'>Lustratae</span> <span class='ocrx_word' id='word_1_187' title='bbox 265 2795 379 2859; x_wconf 90' lang='lat' dir='ltr'>lictore</span> <span class='ocrx_word' id='word_1_188' title='bbox 403 2816 494 2857; x_wconf 89' lang='lat' dir='ltr'>casae</span> <span class='ocrx_word' id='word_1_189' title='bbox 517 2795 684 2878; x_wconf 81' lang='lat' dir='ltr'>fascesque</span> <span class='ocrx_word' id='word_1_190' title='bbox 708 2794 842 2880; x_wconf 86' lang='lat' dir='ltr'>salignis</span> 
     </span>
    </p>

    <p class='ocr_par' dir='ltr' id='par_1_15' title="bbox 70 2883 835 2968">
     <span class='ocr_line' id='line_1_31' title="bbox 70 2883 835 2968; baseline -0.004 -17"><span class='ocrx_word' id='word_1_191' title='bbox 70 2887 226 2951; x_wconf 89' lang='lat' dir='ltr'>Postibus</span> <span class='ocrx_word' id='word_1_192' title='bbox 250 2883 361 2968; x_wconf 81' lang='lat' dir='ltr'>adfixi3</span> <span class='ocrx_word' id='word_1_193' title='bbox 384 2883 537 2947; x_wconf 87' lang='lat' dir='ltr'>collectae</span> <span class='ocrx_word' id='word_1_194' title='bbox 560 2883 692 2948; x_wconf 90' lang='lat' dir='ltr'>consule</span> <span class='ocrx_word' id='word_1_195' title='bbox 714 2905 835 2948; x_wconf 89' lang='lat' dir='ltr'>messes</span> 
     </span>
    </p>

    <p class='ocr_par' dir='ltr' id='par_1_16' title="bbox 71 2972 770 3040">
     <span class='ocr_line' id='line_1_32' title="bbox 71 2972 770 3040; baseline -0.004 -1"><span class='ocrx_word' id='word_1_196' title='bbox 71 2975 116 3040; x_wconf 85' lang='lat' dir='ltr'>Et</span> <span class='ocrx_word' id='word_1_197' title='bbox 140 2975 264 3038; x_wconf 89' lang='lat' dir='ltr'>sulcata</span> <span class='ocrx_word' id='word_1_198' title='bbox 287 2973 342 3037; x_wconf 92' lang='lat' dir='ltr'>diu</span> <span class='ocrx_word' id='word_1_199' title='bbox 364 2972 512 3036; x_wconf 87' lang='lat' dir='ltr'>trabeato</span> <span class='ocrx_word' id='word_1_200' title='bbox 535 2995 611 3036; x_wconf 87' lang='lat' dir='ltr'>rura</span> <span class='ocrx_word' id='word_1_201' title='bbox 634 2973 770 3037; x_wconf 86' lang='lat' dir='ltr'>colono&#39;</span> 
     </span>
    </p>

    <p class='ocr_par' dir='ltr' id='par_1_17' title="bbox 71 3060 1087 3594">
     <span class='ocr_line' id='line_1_33' title="bbox 138 3060 1046 3148; baseline -0.001 -22"><span class='ocrx_word' id='word_1_202' title='bbox 138 3062 228 3126; x_wconf 90' lang='lat' dir='ltr'>Haec</span> <span class='ocrx_word' id='word_1_203' title='bbox 250 3062 379 3148; x_wconf 90' lang='lat' dir='ltr'>genitor</span> <span class='ocrx_word' id='word_1_204' title='bbox 401 3065 572 3145; x_wconf 88' lang='lat' dir='ltr'>praccepta</span> <span class='ocrx_word' id='word_1_205' title='bbox 595 3061 705 3126; x_wconf 88' lang='lat' dir='ltr'>dabat:</span> <span class='ocrx_word' id='word_1_206' title='bbox 728 3061 818 3125; x_wconf 84' lang='lat' dir='ltr'>velut</span> <span class='ocrx_word' id='word_1_207' title='bbox 840 3061 897 3125; x_wconf 85' lang='lat' dir='ltr'>ille</span> <span class='ocrx_word' id='word_1_208' title='bbox 920 3060 1046 3127; x_wconf 86' lang='lat' dir='ltr'>carinae</span> 
     </span>
     <span class='ocr_line' id='line_1_34' title="bbox 72 3149 1087 3237; baseline 0 -21"><span class='ocrx_word' id='word_1_209' title='bbox 72 3152 264 3237; x_wconf 82' lang='lat' dir='ltr'>Longaevus</span> <span class='ocrx_word' id='word_1_210' title='bbox 287 3156 407 3236; x_wconf 89' lang='lat' dir='ltr'>rector,</span> <span class='ocrx_word' id='word_1_211' title='bbox 429 3149 527 3214; x_wconf 88' lang='lat' dir='ltr'>variis</span> <span class='ocrx_word' id='word_1_212' title='bbox 552 3171 646 3232; x_wconf 92' lang='lat' dir='ltr'>quem</span> <span class='ocrx_word' id='word_1_213' title='bbox 671 3172 764 3233; x_wconf 89' lang='lat' dir='ltr'>saepe</span> <span class='ocrx_word' id='word_1_214' title='bbox 787 3149 938 3233; x_wconf 88' lang='lat' dir='ltr'>procellis</span> <span class='ocrx_word' id='word_1_215' title='bbox 1033 3167 1087 3216; x_wconf 79' lang='lat'>420</span> 
     </span>
     <span class='ocr_line' id='line_1_35' title="bbox 71 3238 915 3324; baseline -0.004 -20"><span class='ocrx_word' id='word_1_216' title='bbox 71 3240 265 3323; x_wconf 79' lang='lat' dir='ltr'>Exploravit</span> <span class='ocrx_word' id='word_1_217' title='bbox 288 3239 404 3324; x_wconf 89' lang='lat' dir='ltr'>hiems,</span> <span class='ocrx_word' id='word_1_218' title='bbox 427 3243 528 3323; x_wconf 89' lang='lat' dir='ltr'>ponto</span> <span class='ocrx_word' id='word_1_219' title='bbox 551 3238 616 3302; x_wconf 87' lang='lat' dir='ltr'>iam</span> <span class='ocrx_word' id='word_1_220' title='bbox 638 3239 744 3302; x_wconf 88' lang='lat' dir='ltr'>fessus</span> <span class='ocrx_word' id='word_1_221' title='bbox 767 3243 799 3302; x_wconf 90' lang='lat' dir='ltr'>et</span> <span class='ocrx_word' id='word_1_222' title='bbox 822 3238 915 3302; x_wconf 89' lang='lat' dir='ltr'>annis</span> 
     </span>
     <span class='ocr_line' id='line_1_36' title="bbox 72 3327 840 3412; baseline -0.004 -19"><span class='ocrx_word' id='word_1_223' title='bbox 72 3328 259 3412; x_wconf 86' lang='lat' dir='ltr'>Aequoreas</span> <span class='ocrx_word' id='word_1_224' title='bbox 282 3328 348 3392; x_wconf 89' lang='lat' dir='ltr'>alni</span> <span class='ocrx_word' id='word_1_225' title='bbox 371 3331 449 3391; x_wconf 90' lang='lat' dir='ltr'>nato</span> <span class='ocrx_word' id='word_1_226' title='bbox 473 3327 675 3391; x_wconf 87' lang='lat' dir='ltr'>commendat</span> <span class='ocrx_word' id='word_1_227' title='bbox 697 3327 840 3391; x_wconf 87' lang='lat' dir='ltr'>habenas</span> 
     </span>
     <span class='ocr_line' id='line_1_37' title="bbox 71 3415 914 3502; baseline -0.004 -20"><span class='ocrx_word' id='word_1_228' title='bbox 71 3418 117 3482; x_wconf 86' lang='lat' dir='ltr'>Et</span> <span class='ocrx_word' id='word_1_229' title='bbox 141 3440 233 3481; x_wconf 91' lang='lat' dir='ltr'>casus</span> <span class='ocrx_word' id='word_1_230' title='bbox 257 3421 406 3500; x_wconf 86' lang='lat' dir='ltr'>artesque</span> <span class='ocrx_word' id='word_1_231' title='bbox 430 3416 534 3479; x_wconf 89' lang='lat' dir='ltr'>docet:</span> <span class='ocrx_word' id='word_1_232' title='bbox 559 3437 623 3498; x_wconf 91' lang='lat' dir='ltr'>quo</span> <span class='ocrx_word' id='word_1_233' title='bbox 648 3415 759 3479; x_wconf 86' lang='lat' dir='ltr'>dextra</span> <span class='ocrx_word' id='word_1_234' title='bbox 781 3419 914 3502; x_wconf 90' lang='lat' dir='ltr'>regatur</span> 
     </span>
     <span class='ocr_line' id='line_1_38' title="bbox 72 3503 899 3594; baseline -0.005 -23"><span class='ocrx_word' id='word_1_235' title='bbox 72 3505 197 3594; x_wconf 72' lang='lat' dir='ltr'>Sidere,</span> <span class='ocrx_word' id='word_1_236' title='bbox 221 3527 285 3589; x_wconf 91' lang='lat' dir='ltr'>quo</span> <span class='ocrx_word' id='word_1_237' title='bbox 308 3506 426 3569; x_wconf 88' lang='lat' dir='ltr'>fluctus</span> <span class='ocrx_word' id='word_1_238' title='bbox 448 3503 553 3590; x_wconf 88' lang='lat' dir='ltr'>possit</span> <span class='ocrx_word' id='word_1_239' title='bbox 576 3504 792 3569; x_wconf 88' lang='lat' dir='ltr'>moderamine</span> <span class='ocrx_word' id='word_1_240' title='bbox 815 3504 899 3590; x_wconf 81' lang='lat' dir='ltr'>falli3</span> 
     </span>
    </p>
   </div>
   <div class='ocr_carea' id='block_1_3' title="bbox 0 0 1206 3870">
    <p class='ocr_par' dir='ltr' id='par_1_18' title="bbox 0 0 1206 3870">
     <span class='ocr_line' id='line_1_39' title="bbox 0 0 1206 3870; baseline 0 0"><span class='ocrx_word' id='word_1_241' title='bbox 0 0 1206 3870; x_wconf 95' lang='lat' dir='ltr'> </span> 
     </span>
    </p>
   </div>
  </div>
 </body>
</html>
