2392 3870
216 171 300 242 (xx.)
318 172 358 225 18
376 144 719 226 88888818881888
737 170 935 228 secururs.
1046 174 1089 239 75

72 335 136 400 Hic
160 331 243 421 erat)
268 333 461 421 adgreditur.
506 330 587 396 Viso
611 337 682 397 tum
704 333 789 397 forte
812 332 937 400 redibat

71 422 233 506 Eutropio
256 444 376 487 vacuus
400 421 506 506 donis,
530 420 705 505 feritasque
728 421 838 486 dolore

73 511 225 577 Creverat
249 514 293 596 et,
316 510 435 575 teneris
459 511 557 574 etiam
580 530 661 592 quae
685 509 818 575 crimina
842 512 954 576 suadet

72 599 229 686 Ingeniis,
253 598 441 683 Scythicum
463 603 576 683 peetus
598 598 785 664 flammabat
808 603 943 685 egestas.
1037 619 1087 668 180

71 688 157 752 Huic
180 710 249 752 sese
272 688 365 752 vultu
389 688 558 751 simulatae
581 687 728 773 coniugis
751 688 845 752 offert

71 776 274 861 Mentitoque
297 776 388 840 ferox
410 776 530 840 incedit
552 775 690 839 barbara
713 797 842 862 gressu,

73 863 251 929 Garbaseos
273 864 387 929 induta
410 864 512 928 sinus:
535 868 611 948 post
634 868 726 950 terga
748 864 896 930 reductas

70 951 234 1018 Vberibus
256 954 390 1038 propior
412 953 580 1017 mordebat
603 953 704 1016 fibula
727 956 833 1018 vestes

70 1039 173 1124 Inque
197 1042 308 1106 orbem
331 1042 426 1106 tereti
448 1042 544 1106 mitra
567 1040 719 1105 redeunte
742 1042 895 1124 capillum
1036 1060 1086 1109 188

72 1129 253 1195 Strinxerat
276 1135 308 1194 et
330 1130 449 1194 virides
471 1131 641 1194 flavescere
663 1130 802 1194 iusserat
825 1153 954 1217 angues.

70 1217 213 1283 Advolat
236 1239 273 1283 ac
294 1219 397 1282 niveis
420 1218 568 1282 reducem
590 1218 815 1300 complectitur
839 1220 926 1284 ulnis

70 1305 280 1390 Infunditque
303 1307 410 1371 animo
434 1306 549 1370 furiale
571 1327 628 1390 per
651 1306 762 1370 oscula
783 1307 880 1371 virus.

70 1395 220 1478 Principe
244 1416 341 1478 quam
364 1395 455 1480 largo
479 1394 600 1481 veniat,
624 1416 704 1477 quas
727 1394 801 1458 inde
823 1400 966 1479 reportet

70 1483 223 1568 Divitiae,
247 1487 320 1548 astu
342 1483 464 1547 rabiem
488 1487 615 1547 motura
637 1483 780 1566 requirit.
1035 1502 1086 1552 188

69 1570 130 1635 1118
153 1572 215 1636 1181
236 1572 415 1658 ingratum,
437 1593 539 1636 vanos
562 1571 677 1636 deflere
699 1571 840 1656 labores,

71 1659 159 1736 Quos
183 1682 279 1743 super
301 1660 439 1725 eunuchi
462 1661 580 1745 fastus,
604 1681 685 1743 quae
708 1660 827 1743 probra
850 1661 987 1726 tulisset.

71 1748 233 1813 Continuo
257 1753 344 1812 secat
367 1770 474 1835 ungue
497 1770 597 1834 genas
619 1754 652 1813 et
675 1752 819 1833 tempore
841 1749 955 1834 pandit

70 1835 214 1921 Adrepto
237 1838 390 1923 gemitus:

435 1923 463 1989 ‘I
485 1946 584 2011 nunc,
607 1926 742 1990 devotus
764 1926 880 1990 aratris

70 2012 185 2078 Scinde
209 2014 314 2078 solum
336 2014 508 2097 positoque
530 2018 605 2078 tuos
628 2036 780 2079 mucrone
803 2016 929 2079 sodales
1035 2033 1084 2083 195

69 2100 122 2165 Ad
145 2106 267 2166 rastros
291 2101 405 2166 sudare
429 2103 514 2167 doce.
559 2103 647 2167 Bene
670 2125 745 2167 rura
769 2102 982 2191 Gruthungus

69 2190 207 2254 Excolet
230 2194 263 2255 et
286 2195 373 2255 certo
398 2190 546 2275 disponet
570 2191 672 2255 sidere
694 2192 785 2256 uites.

69 2278 193 2343 Felices
217 2279 311 2364 aliae,
334 2301 415 2362 quas
439 2279 599 2344 debellata
621 2281 746 2344 maritis

70 2365 210 2452 Oppida,
233 2389 314 2450 quas
337 2368 464 2454 magnis
488 2369 651 2451 quaesitae
674 2368 797 2432 viribus
821 2373 937 2433 ornant

68 2454 230 2540 Erinnae,
254 2456 371 2538 quibus
393 2454 534 2542 Argivae
556 2456 773 2541 pulchraeque
795 2456 981 2520 ministrant
1032 2473 1084 2524 888

69 2543 286 2628 Thessalidas,
309 2544 447 2608 famulas
470 2548 503 2608 et
526 2564 607 2626 quae
630 2565 773 2608 meruere
795 2542 965 2608 Lacaenas.

68 2627 121 2695 Me
144 2631 280 2695 nimium
302 2632 430 2716 timido,
452 2632 588 2696 nimium
610 2632 741 2696 iunxere
764 2632 898 2695 remisso

68 2719 151 2783 Fata
172 2720 256 2805 viro,
278 2724 385 2784 totum
409 2720 464 2802 qui
487 2719 624 2806 degener
646 2721 735 2784 exuit
757 2719 919 2805 Histrum,

70 2807 132 2884 Qui
154 2808 276 2895 refugit
297 2808 420 2892 patriae
443 2807 539 2892 ritus,
563 2829 658 2890 quem
681 2807 803 2872 detinet
825 2809 919 2892 aequi

70 2894 182 2960 Gloria
205 2918 420 2980 concessoque
444 2896 532 2980 cupit
554 2896 673 2960 vixisse
696 2896 830 2961 colonus
1031 2916 1083 2966 888

70 2984 174 3061 Quam
197 2985 345 3049 dominus
368 2990 471 3070 rapto.
517 2983 601 3062 Quid
622 2985 757 3069 pulchra
779 2985 936 3049 vocabula
958 2986 1061 3074 pigris

68 3071 258 3139 Praetentas
280 3073 392 3138 vitiis?
435 3073 614 3138 Probitatis
636 3073 754 3138 inertia
774 3095 905 3159 nomen,

68 3159 217 3226 Iustitiae
239 3162 378 3227 formido
402 3163 499 3227 subit.
543 3160 711 3226 Tolerabis
733 3162 879 3246 iniquam

67 3249 267 3336 Paupericm,
290 3272 362 3315 oum
385 3252 450 3316 tela
473 3251 589 3337 geras?
611 3256 644 3315 et
666 3250 759 3314 flebis
781 3251 918 3337 inultus,

70 3336 151 3402 Cum
173 3343 306 3422 pateant
328 3343 438 3404 tantae
460 3339 560 3404 nullis
584 3338 772 3404 custodibus
794 3339 914 3403 urbes?
1031 3358 1083 3408 818
1189 3324 1195 3338 ⁸

136 3425 273 3512 ‘Quippe
300 3433 406 3493 metus
433 3449 563 3512 poenae.
608 3427 737 3492 Pridem
763 3450 834 3493 mos
861 3428 917 3492 ille
939 3428 1084 3515 uigebat,

66 3513 115 3579 Vt
137 3516 269 3581 meritos
293 3516 434 3581 colerent
456 3516 688 3601 impacatisque
710 3516 848 3581 rebelles
