2392 3870
132 172 197 237 190
460 168 606 225 61611111
625 166 823 224 ominum

129 334 328 418 Expectasse
351 354 466 397 manus
490 335 522 395 et
544 335 658 396 nostra
679 330 823 414 pericula
845 331 963 396 tendit
1115 351 1156 400 461

129 423 333 489 Posthabitis
355 422 485 506 pulsare
509 421 577 484 suis
598 420 803 503 mediumque
825 440 887 503 per
909 419 1057 488 hostem

129 511 330 576 Flammatus
352 510 473 574 virtute
495 510 549 593 pia
571 509 783 593 propriaeque
807 507 930 572 salutis

130 598 291 664 Inmemor
315 603 347 663 et
371 598 486 663 stricto
508 602 717 681 prosternens
741 595 837 661 obvia
858 597 954 661 ferro

129 687 274 753 Barbara
296 688 452 752 fulmineo
476 687 578 751 secuit
601 686 741 751 tentoria
765 706 870 749 cursu.

197 775 309 842 ‘Nunc
331 776 394 839 tibi
418 774 563 859 Tydiden
586 775 740 839 611611611
763 773 907 838 carmina
931 781 1070 866 vatum,
1114 797 1160 845 416

131 863 224 941 Quod
246 865 357 928 iuncto
381 864 483 927 fidens
505 862 618 928 Ithaco
641 863 803 946 patefacta
824 862 975 928 Dolonis

130 951 253 1017 indicio
277 953 477 1036 dapibusque
501 952 598 1016 simul
620 952 820 1038 religataque
843 972 966 1016 somno

130 1040 268 1105 Thracia
291 1041 388 1124 sopiti
411 1041 627 1125 penetraverit
650 1039 779 1127 agmina
801 1039 904 1103 Rhesi

131 1128 291 1212 Graiaque
314 1129 476 1193 rettulerit
500 1135 613 1213 captos
636 1130 677 1194 ad
700 1133 805 1193 castra
827 1127 972 1215 iugales,

131 1216 288 1304 Quorum,
312 1218 340 1282 si
364 1240 427 1300 qua
450 1217 529 1281 fides
553 1218 747 1304 augentibus
771 1216 879 1281 omnia
902 1215 1032 1306 Musis,
1114 1238 1162 1287 416

129 1305 274 1392 Impetus
298 1306 435 1371 excessit
457 1305 624 1390 Zephyros
647 1307 828 1388 candorque
850 1305 1006 1388 pruinas.

129 1395 213 1461 Ecce
237 1396 354 1480 virum,
377 1395 470 1459 taciti
491 1396 583 1459 nulla
607 1395 663 1480 qui
685 1394 797 1459 fraude
820 1393 950 1477 soporis

130 1483 218 1549 Ense
241 1484 348 1568 palam
372 1483 435 1547 sibi
457 1484 570 1567 pandit
593 1484 656 1548 iter
678 1486 862 1566 remeatque
885 1489 1056 1551 cruentus

130 1571 176 1637 Et
198 1573 382 1637 Diomedeis
405 1576 534 1636 tantum
556 1573 751 1657 praeclarior
773 1570 870 1656 ousia,

130 1659 294 1737 Quantum
317 1661 373 1726 lux
396 1661 538 1724 tenebris
561 1661 795 1744 manifestaque
816 1659 942 1743 proelia
962 1660 1090 1730 furtis!
1114 1682 1163 1732 486

130 1747 221 1812 Adde
245 1749 331 1833 quod
354 1753 386 1813 et
409 1750 488 1833 ripis
512 1754 646 1814 steterat
667 1749 823 1814 munitior
845 1747 953 1812 hostis

129 1835 175 1901 Et
199 1838 250 1901 cui
272 1859 331 1901 nec
354 1837 485 1925 vigilem
508 1838 558 1902 166
582 1842 631 1902 661
654 1858 844 1922 componere
866 1835 1036 1905 Rhesum:

130 1923 238 1988 Thrax
257 1929 335 2010 erat,
358 1927 411 1990 hic
429 1926 590 1991 Thracum
609 1927 757 1991 domitor.
793 1924 870 1991 Non
887 1925 954 1989 tela
974 1930 1160 2017 retardent,

131 2011 230 2077 Obice
252 2035 319 2077 non
342 2014 447 2078 haesit
469 2015 568 2080 fluvii.
615 2014 669 2080 Sic
690 2015 746 2079 ilie
769 2015 926 2078 minacem

130 2099 330 2183 Tyrrhenam
353 2102 481 2166 labente
504 2126 635 2167 manum
657 2126 716 2188 pro
739 2107 838 2188 ponte
860 2102 1029 2186 repellens
1107 2124 1158 2174 466

130 2188 270 2253 Traiecit
294 2188 397 2273 clipeo
421 2189 591 2276 Thybrim,
615 2213 678 2274 quo
697 2195 822 2257 texerat
844 2191 968 2277 urbem,

130 2276 306 2361 Tarquinio
330 2278 467 2342 mirante
491 2277 604 2343 066166
626 2281 803 2364 mediisque
827 2279 987 2364 superbus

129 2365 328 2432 Porsennam
351 2367 492 2451 respexit
515 2369 616 2451 aquis.
664 2369 755 2434 Celer
777 2368 892 2433 Addua
913 2372 1035 2433 nostro

131 2454 281 2520 Sulcatus
305 2478 429 2522 socero:
453 2456 522 2542 sed,
546 2479 619 2522 cum
641 2462 839 2543 transnaret,
861 2456 1016 2522 Etruscis

129 2541 189 2609 1116
213 2546 311 2610 dabat
334 2550 476 2633 tergum,
501 2544 621 2610 Geticis
644 2547 697 2610 hie
719 2550 851 2630 pectora
873 2545 977 2609 bellis.
1104 2567 1158 2617 466

198 2633 318 2698 ‘Exere
341 2657 427 2699 nunc
450 2635 563 2699 doctos
586 2638 696 2699 tantae
720 2635 893 2699 certamine
915 2633 1036 2722 laudis,

130 2719 249 2803 Itoma,
273 2722 388 2786 choros
412 2727 460 2808 et,
485 2727 606 2806 quanta
629 2724 695 2787 tuis
719 2723 868 2788 facundia
890 2721 994 2807 pollet

129 2807 287 2893 ingeniis,
309 2815 458 2876 nostrum
482 2811 579 2898 digno
604 2816 696 2876 sonet
721 2833 775 2876 ore
798 2810 985 2895 parentem?

196 2894 289 2959 Dixit
312 2901 344 2961 et
367 2900 518 2982 antiquae
541 2922 651 2963 muros
675 2921 804 2987 egressa
826 2899 999 2964 Ravennae

130 2983 231 3069 Signa
253 2989 373 3071 movet3
396 2988 523 3069 iamque
543 3009 599 3051 ora
615 2988 696 3052 Padi
714 2992 893 3071 portusque
915 2987 1077 3072 relinquit
1101 3009 1155 3059 466

128 3071 329 3159 Flumineos,
353 3077 448 3139 certis
471 3075 528 3138 ubi
551 3076 679 3162 legibus
702 3077 823 3141 advena
845 3076 971 3142 Nereus

129 3160 268 3226 Aestuat
291 3165 323 3225 et
346 3186 464 3245 pronas
487 3187 611 3248 puppes
633 3187 719 3229 nunc
742 3186 834 3229 61116
857 3163 987 3252 retus0,¹,

129 3250 225 3316 Nunc
247 3248 399 3314 redeunte
422 3253 511 3317 vehit
533 3254 717 3336 nudataque
740 3254 838 3317 litora
860 3255 963 3318 fluctu

129 3337 272 3424 Deserit,
296 3336 413 3403 Oceani
436 3341 604 3405 lunaribus
628 3342 754 3406 aemula
777 3340 911 3407 damnis.

128 3427 260 3492 Laetior
281 3426 357 3490 hinc
378 3426 468 3492 Fano
491 3430 605 3512 recipit
625 3430 770 3494 Fortuna
792 3434 931 3515 vetuste,
1099 3451 1155 3502 500

129 3514 379 3599 Despiciturque
401 3538 504 3603 vagus
526 3522 699 3602 praerupta
722 3519 806 3582 16116
828 3518 1006 3606 Metaurus,
