2392 3870
83 120 126 190 (Ι.)
146 119 330 174 PANEGYR.
349 118 478 198 DICTVS
496 119 658 175 PROBINO
677 118 724 172 ΕΤ
743 118 903 174 OLYBRIO
923 117 1017 173 OOSS.
1058 117 1079 181 3

62 280 278 365 Illyricosque
302 281 392 345 sinus
416 287 448 345 et
472 304 553 365 quos
577 287 646 346 arat
669 279 781 345 Africa
805 303 943 365 campos.
1045 298 1080 347 60

63 369 128 434 Sed
148 370 220 433 nati
242 369 346 433 vicere
369 374 495 454 patrem
518 371 643 453 solique
666 374 830 434 merentur

62 458 214 522 Victores
237 458 348 522 audire
369 459 479 522 Probi.
524 458 601 523 Non
623 459 762 544 contigit
786 458 835 521 illi

64 546 154 610 Talis
177 546 291 630 honor,
313 546 418 630 prima
442 569 515 611 cum
538 552 631 631 parte
651 548 823 611 viresceret
846 548 926 631 aevi,

62 635 134 699 Nec
156 635 270 698 consul
293 657 365 699 cum
388 636 488 699 fratre
511 635 583 699 fuit.
621 634 691 699 Vos
713 635 804 700 nulla
826 635 944 721 fatigat

64 723 149 788 Oura
173 724 228 787 diu
251 724 374 787 maiora
396 728 518 809 petens,
540 745 607 788 non
630 724 726 787 anxia
748 727 889 788 mentem
1044 742 1078 790 65

63 811 144 895 Spes
168 812 237 898 agit
261 816 292 875 ct
315 813 414 898 longo
438 812 542 876 tendit
565 812 752 896 praecordia
774 817 865 876 voto:

64 900 228 984 Coepistis
252 922 316 983 quo
339 901 416 964 finis
439 905 516 965 erat.
561 901 744 964 Primordia
767 905 874 965 vestra

61 989 130 1052 Vix
152 989 247 1073 pauci
270 1011 414 1053 meruere
438 1011 538 1073 senes,
561 993 727 1072 metasque
749 989 867 1053 tenetis

61 1075 150 1140 Ante
173 1099 272 1162 genas
296 1077 404 1141 dulces
428 1100 525 1160 quam
547 1078 608 1141 flos
631 1077 783 1141 iuvenilis
807 1078 970 1142 inumbret

63 1164 192 1248 Oraque
215 1165 334 1230 ridenti
357 1166 511 1252 lanugine
532 1167 650 1230 vestiat
673 1170 770 1230 aetas.
1044 1185 1078 1234 70

62 1253 122 1339 Tu,
145 1276 267 1339 precor,
290 1254 440 1339 ignarum
462 1255 586 1339 doceas,
608 1254 773 1339 Parnasia,
796 1258 911 1340 vatem,

63 1341 145 1418 Quis
168 1342 246 1406 deus
269 1343 427 1407 ambobus
450 1343 535 1407 tanti
560 1343 603 1406 sit
626 1342 769 1407 muneris
793 1346 913 1406 auctor.

130 1431 308 1513 Postquam
331 1431 496 1495 fulmineis
520 1430 689 1515 impellens
712 1430 838 1495 viribus
861 1431 989 1494 hostem

61 1519 207 1604 Belliger
229 1517 399 1605 Augustus
421 1520 564 1604 trepidas
588 1520 753 1583 laxaverat
774 1517 884 1604 AlpeS,

60 1608 167 1671 Roma
189 1608 297 1671 Probo
322 1607 454 1691 cupiens
477 1608 592 1693 dignas
615 1608 797 1692 persolvere
819 1611 927 1693 grates
1044 1625 1077 1674 75

61 1695 181 1759 Sedula
202 1718 262 1779 pro
284 1696 372 1760 natis
395 1696 561 1760 dominum
584 1697 706 1760 flexura
728 1695 872 1781 rogando

59 1783 114 1848 Ire
136 1789 237 1867 parat.
282 1783 410 1848 Famuli
434 1807 563 1849 currum
586 1785 718 1848 iunxere
740 1785 904 1848 volantem

59 1871 206 1956 Impetus
228 1872 462 1956 horribilisque
484 1873 600 1958 Metus,
624 1873 680 1957 qui
704 1896 829 1956 semper
851 1877 983 1959 agentes

58 1961 190 2024 Proelia
213 1983 286 2025 cum
308 1961 440 2025 fremitu
463 1961 600 2025 Romam
624 1962 820 2026 comitantur
842 1961 968 2047 anhelo,

60 2048 139 2113 Sive
160 2054 250 2133 petat
272 2049 412 2114 Parthos
436 2072 493 2114 seu
516 2050 647 2134 cuspide
669 2051 779 2114 turbet
801 2049 985 2136 Hydaspen.
1041 2066 1075 2116 80

58 2137 127 2201 Hic
149 2137 232 2223 ligat
254 2160 313 2201 axe
335 2144 438 2224 rotas3
460 2139 515 2202 hic
538 2139 598 2202 sub
621 2139 698 2225 iuga
720 2139 823 2203 ferrea
844 2139 946 2203 nectit

61 2225 260 2309 Cornipedes
283 2226 463 2313 rigidisque
487 2227 580 2291 docet
603 2228 722 2291 servire
744 2228 874 2311 lupatis,

58 2313 150 2398 Ipsa,
173 2315 383 2398 triumphatis
407 2338 471 2398 qua
493 2315 638 2399 possidet
661 2315 791 2379 aethera
814 2316 932 2400 regnis,

57 2401 184 2469 Adsilit
207 2403 362 2487 innuptae
384 2404 467 2467 ritus
490 2404 618 2468 imitata
640 2403 812 2467 Minervae.

58 2490 147 2555 Nam
168 2513 273 2574 neque
296 2492 469 2556 caesariem
493 2492 607 2556 crinali
630 2493 789 2578 stringere
812 2491 901 2554 cultu
1040 2506 1074 2556 85

60 2578 155 2643 Colla
176 2601 236 2643 nec
259 2584 376 2644 ornatu
398 2580 523 2665 patitur
545 2580 673 2644 mollire
695 2583 831 2664 retort03

57 2667 219 2732 Dextrum
241 2668 328 2732 nuda
350 2668 445 2752 latus,
467 2669 580 2733 niveos
604 2673 713 2732 exerta
736 2669 883 2751 lacertos,

56 2756 225 2820 Audacem
247 2756 366 2842 retegit
387 2779 569 2842 mammam,
591 2758 764 2840 laxumque
788 2777 936 2820 coercens

56 2844 188 2909 Mordct
210 2867 337 2930 gemma
360 2845 480 2930 sinum3
502 2845 616 2930 nodus,
640 2845 696 2927 qui
720 2845 867 2908 sublevat
890 2865 1007 2928 ensem,

56 2932 182 2997 Album
204 2933 341 3017 puniceo
364 2937 476 3017 pectus
500 2933 701 2997 discriminat
725 2937 822 2996 ostro.
1038 2948 1072 2996 90

55 3021 216 3086 Miscetur
239 3021 346 3086 decori
368 3022 473 3086 virtus
495 3022 692 3106 pulcherque
716 3042 825 3085 severo

55 3109 215 3174 Armatur
236 3114 359 3174 terrore
382 3110 495 3195 pudor,
517 3111 691 3196 galeaeque
713 3109 833 3173 minaci

55 3198 159 3263 Flava
182 3203 386 3264 cruentarum
409 3199 631 3283 praetenditur
652 3199 767 3262 umbra
790 3197 948 3282 iubarum,

55 3287 103 3352 llt
125 3287 301 3353 formidato
324 3287 447 3372 clipeus
470 3287 586 3352 Titana
609 3287 740 3350 lacessit

54 3375 204 3461 Lumine,
227 3397 323 3459 quem
344 3380 415 3440 tota
437 3375 578 3439 variarat
601 3375 760 3439 Mulciber
783 3379 864 3438 arte:
1037 3388 1071 3437 95

54 3464 121 3529 Hic
142 3463 271 3549 patrius
293 3464 451 3528 Mavortis
475 3486 565 3528 amor
587 3464 735 3547 fetusque
757 3466 912 3527 notantur

822 3573 834 3618 1
842 3566 856 3598 t
