2392 3870
141 159 161 220 8
465 156 611 211 CLAVDII
629 156 826 212 CLAVDIANI

209 318 370 403 ‘Respice
393 318 422 382 si
445 318 527 382 tales
550 318 652 381 iactas
676 317 795 382 aluisse
818 318 958 404 fluentis,

141 408 266 471 Eurota
289 406 454 491 Spartane,
476 407 552 471 tuis,
599 405 684 481 Quid
704 406 843 490 protulit
866 428 1004 489 aequum

140 496 256 560 Falsus
281 496 360 580 olor,
383 494 490 558 valido
515 494 662 577 quamvis
686 494 853 558 decernere
876 499 986 559 caestu

141 584 278 650 Noverit
302 588 334 648 et
357 582 483 646 ratibus
506 605 618 646 saevas
641 605 748 647 arcere
770 583 951 667 procellas?

141 673 195 737 En
216 695 301 737 nova
322 671 457 735 Ledaeis
481 671 611 735 suboles
634 671 813 758 fulgentior
835 672 942 757 astris
1104 691 1157 740 240

142 762 227 825 Ecce
249 760 313 824 mei
337 761 432 845 cives,
455 781 593 842 quorum
616 759 681 823 iam
705 758 848 846 Signifer
871 764 963 843 optat

142 849 326 913 Adventum
351 848 518 930 stellisque
540 851 634 932 parat
658 870 799 912 convexa
822 848 950 913 futuris.

142 936 212 1001 Iam
233 960 291 1021 per
312 937 504 1022 noctivagos
528 935 710 1000 dominetur
734 935 888 1020 Olybrius
911 959 987 1000 axes

143 1026 206 1089 Pro
230 1024 362 1089 Polluce
385 1025 513 1109 rubens,
535 1047 595 1108 pro
620 1023 754 1089 Castore
776 1026 905 1088 flamma
926 1025 1073 1091 Probini.

143 1113 211 1198 Ipsi
234 1113 305 1177 vela
327 1117 449 1199 regent,
472 1113 554 1196 ipsis
578 1113 774 1177 donantibus
797 1135 891 1177 auras
1106 1133 1158 1180 245

143 1202 263 1267 Navita
286 1202 463 1285 tranquillo
487 1201 708 1265 moderabitur
730 1223 867 1284 aequore
889 1202 1011 1285 pinum.

143 1291 239 1356 Nunc
260 1294 389 1374 pateras
411 1290 515 1353 libare
538 1289 615 1375 deis,
637 1312 723 1355 nunc
747 1291 870 1354 solvere
892 1290 996 1354 multo

144 1380 283 1445 Nectare
307 1379 403 1443 corda
425 1379 514 1442 libet.
559 1377 682 1443 Niveos
705 1378 771 1442 iam
793 1378 924 1463 pandite
948 1383 1070 1466 coetus,

145 1469 276 1553 Naides
299 1472 331 1531 et
353 1472 461 1532 totum
482 1466 579 1531 violis
602 1467 780 1551 praetexite
803 1468 939 1550 fontem3

144 1557 242 1621 Mella
265 1558 370 1621 ferant
394 1556 507 1640 silvae3
530 1555 596 1618 iam
617 1555 758 1639 profluat
781 1555 890 1619 ebrius
913 1556 1018 1619 amnis
1107 1574 1156 1622 250

145 1645 281 1709 Mutatis
305 1645 340 1708 in
362 1644 438 1708 vina
460 1643 565 1728 vadis3
588 1643 653 1707 iam
677 1648 792 1727 sponte
814 1666 872 1728 per
894 1665 990 1729 agros

146 1732 267 1796 Sudent
290 1732 437 1817 inriguae
461 1732 618 1816 spirantia
641 1733 785 1796 balsama
807 1734 919 1796 venael

11 1869 15 1874 .
147 1820 272 1904 Currat,
296 1820 352 1902 qui
375 1820 481 1884 sociae
504 1824 597 1906 roget
620 1820 655 1884 in
678 1821 825 1885 convivia
847 1842 976 1884 mensae

147 1907 319 1994 Indigenas
342 1907 485 1993 Fluvios
507 1907 600 1973 Italis
624 1908 818 1992 quicumque
841 1909 1012 1972 suberrant

146 1997 314 2061 Montibus
337 1995 537 2080 Alpinasque
560 1997 678 2062 bibunt
702 1997 740 2061 de
763 2019 851 2061 more
873 1997 1020 2081 pruinas:
1108 2015 1157 2062 255

146 2085 391 2167 Vulturnusque
413 2108 512 2169 rapax
536 2089 568 2149 et
590 2085 660 2149 Nar
681 2084 817 2150 vitiatus
841 2085 940 2149 odoro

148 2173 308 2258 Sulphure
331 2174 541 2257 tardatusque
565 2174 632 2238 suis
656 2175 820 2238 erroribus
843 2173 945 2237 erns

147 2262 191 2327 Et
213 2261 454 2326 Phaethonteae
476 2284 646 2346 perpessus
671 2261 786 2326 damna
809 2261 921 2326 ruinae

147 2350 310 2416 Eridanus
333 2350 497 2434 flavaeque
519 2355 627 2415 terens
651 2354 800 2432 querceta
823 2349 963 2414 Maricae

146 2440 233 2504 Liris
256 2444 289 2504 et
312 2438 464 2504 Oebaliae
488 2439 544 2522 qui
567 2442 725 2522 temperat
748 2461 824 2503 arva
847 2437 1011 2503 Galaesus.
1108 2457 1158 2505 260

31 2556 34 2562 ⁴
148 2528 280 2613 Semper
302 2528 480 2593 honoratus
502 2527 625 2591 nostris
649 2526 864 2591 celebrabitur
885 2526 981 2592 undis

147 2614 213 2679 Iste
236 2616 314 2699 dies,
337 2638 462 2700 semper
486 2615 622 2699 dapibus
645 2616 805 2680 recoletur
827 2613 970 2699 opimis'.

216 2703 269 2767 Sic
292 2703 340 2766 ait
362 2707 394 2767 et
417 2703 588 2788 Nymphae
610 2703 714 2787 patris
737 2707 907 2787 praecepta
930 2708 1059 2768 secutae

148 2791 246 2855 Tecta
268 2795 384 2875 parant
407 2792 511 2874 epulis
535 2795 687 2874 ostroque
710 2792 829 2856 infecta
853 2813 986 2856 corusco

149 2878 267 2943 Vmida
290 2878 488 2964 gemmiferis
512 2880 632 2944 inluxit
654 2879 744 2966 regia
766 2880 895 2944 mensis.
1110 2900 1160 2947 265

217 2965 243 3030 Ο
267 2967 348 3030 bene
372 2966 535 3053 signatum
558 2969 701 3032 fraterno
724 2968 855 3032 nomine
876 2971 1018 3053 tempus!

150 3054 176 3120 0
201 3054 449 3141 consanguineis
473 3055 552 3119 felix
575 3056 762 3120 auctoribus
785 3078 897 3141 annus,

148 3142 259 3226 Incipe
283 3141 497 3224 quadrifidum
519 3142 644 3208 Phoebi
666 3148 817 3227 torquere
839 3144 993 3210 laborem.

148 3231 259 3296 Prima
281 3229 344 3294 tibi
367 3230 518 3315 procedat
541 3232 644 3295 hiems
666 3255 734 3296 non
755 3233 877 3318 frigore
900 3237 1044 3320 torpens,

149 3319 226 3384 Non
249 3339 344 3383 canus
367 3317 485 3382 vestita
507 3319 608 3404 nives,
629 3342 696 3384 non
719 3343 832 3405 aspera
854 3322 969 3406 ventis,
1114 3342 1163 3390 avo

222 3515 273 3565 ‘240
293 3507 412 3581 Naides]
432 3509 568 3580 &rupem
585 3509 719 3568 Naiades.
