2392 3870
84 159 150 223 254
407 155 552 213 GLAVDn
571 155 769 213 CLAVDIANI

469 352 565 408 11111.
586 353 715 423 (armi.)

318 488 371 545 DE
396 485 615 545 OHLAMYDE
637 485 690 545 ΕΤ
712 484 868 546 FRENIS.

130 606 206 671 Non
230 627 355 689 semper
378 604 471 688 clipei
493 604 700 668 metuendum
722 604 877 691 gentibus
903 608 1027 674 orbem

85 697 214 761 Dilecto
239 694 383 758 studiosa
405 715 521 777 parens
544 692 888 781 1111111111111111111,1

85 784 218 849 Lemnia
240 805 300 847 nec
323 804 447 865 semper
471 782 606 866 supplex
629 782 769 847 ardentis
792 782 907 848 adibat

85 873 190 938 Antra
214 872 264 936 dei
285 874 363 935 nato
387 872 512 956 galeam
534 871 660 934 factura
682 875 877 957 comantem,

87 961 150 1026 Sed
171 961 315 1046 placidos
339 960 436 1023 etiam
459 959 583 1024 cinctus
607 964 638 1023 et
661 959 754 1023 mitia
777 960 868 1044 pacis
1100 984 1115 1031 5

87 1049 282 1115 Omamenta
305 1049 415 1134 dabat,
438 1048 524 1112 bello
548 1047 667 1131 quibus
689 1048 745 1113 ille
758 1053 900 1132 peracto

88 1139 288 1223 Conspicuus
311 1159 403 1224 reges
425 1136 474 1201 int
476 1159 510 1200 er
531 1137 670 1223 fulgeret
657 1136 844 1202 tAchivos.

86 1226 161 1313 Ipsa
183 1250 281 1292 manu
304 1226 488 1311 chlamydes
512 1230 563 1289 ost
564 1247 601 1290 ro
549 1225 754 1290 ttexebat
777 1229 809 1291 et
831 1248 932 1315 auro,

86 1317 262 1401 Frenaque
281 1337 361 1399 quae
378 1315 540 1379 volucrem
554 1314 720 1378 Xanthum
732 1280 932 1400 Baliumque
952 1319 1118 1410 decerent,

87 1406 235 1490 Aequore
259 1404 386 1488 quaesit
387 1403 415 1466 is
372 1403 592 1467 totneraba
616 1403 726 1467 sedula
745 1404 894 1504 gemmis.
1086 1430 1117 1478 10

153 1492 199 1558 At
221 1493 284 1557 tibi
308 1492 454 1574 diversis,
477 1491 625 1575 princeps
649 1491 705 1556 alt
681 1492 818 1578 t1ssime,
841 1498 979 1563 certant

89 1582 260 1666 Obsequiis
284 1581 394 1645 soceri.
433 1579 568 1645 Stilicho
591 1580 751 1645 Mavortia
774 1581 901 1647 confert

87 1671 234 1736 Munera:
257 1670 441 1734 barbaricas
466 1674 590 1755 strages
612 1669 781 1753 Rhenique
803 1670 1012 1758 triumphos.

87 1760 231 1847 Reginae
254 1763 404 1823 contenta
426 1759 556 1822 modum
580 1780 705 1822 servare
729 1758 847 1823 Serena

85 1847 125 1913 Iu
147 1853 204 1913 tua
227 1848 384 1912 sollicitas
407 1851 501 1933 urget
523 1846 682 1911 velamina
704 1847 794 1912 telas.

458 2021 567 2076 111111,
586 2021 729 2093 (cxxiii.)

362 2153 415 2211 DE
439 2150 546 2223 EQVO
569 2151 680 2213 DONO
703 2151 822 2213 DATO.

156 2271 181 2335 0
205 2271 284 2335 felix
308 2272 486 2372 sonipes,t
472 2272 556 2336 ttani
579 2273 630 2336 cui
652 2273 742 2337 frena
764 2275 880 2338 mereri

87 2362 295 2426 Numinist
263 2365 295 2425 et
320 2361 418 2424 sacris
441 2361 533 2425 licuit
519 2362 675 2426 stervire
698 2361 831 2446 lupatis,

88 2451 187 2517 Seut
173 2456 229 2515 tua
252 2472 310 2535 per
332 2471 462 2534 campos
485 2453 581 2514 vento
604 2450 681 2515 iuba
703 2450 782 2514 lusit
803 2449 971 2544 Hiberos,

8 2594 11 2598 .
88 2540 187 2606 Seut
173 2539 455 2641 teCappadocum
477 2539 583 2625 gelida
607 2539 666 2603 sub
689 2540 772 2604 valle
794 2511 973 2612 natantem

86 2628 232 2715 Argaeae
255 2629 360 2693 lavere
383 2629 487 2713 nives,
511 2649 566 2692 seu
589 2627 674 2692 laeta
697 2627 824 2693 solebas
1105 2662 1121 2710 5

86 2718 270 2781 Thessaliae
293 2717 404 2800 rapido
426 2717 642 2802 perstringere
665 2737 783 2801 pascua
806 2738 916 2784 cursu:

86 2806 204 2889 Accipe
227 2806 351 2890 regales
375 2806 481 2869 cultus
504 2809 536 2869 et
560 2805 645 2870 crine
670 2806 826 2889 superbus

86 2896 204 2959 Erecto
169 2894 344 2957 tvirides
367 2895 489 2978 spumis
511 2894 666 2977 perfunde
689 2894 885 2980 smaragdos.

86 2983 264 3046 Luxurient
287 2983 410 3046 tumido
434 2987 594 3068 gemmata
560 2983 749 3047 tmonilia
772 2983 870 3069 collo,

87 3070 217 3135 Nobilis
240 3075 370 3134 auratos
392 3072 457 3135 iam
479 3094 620 3155 purpura
643 3072 760 3136 vestiat
783 3093 904 3160 armos,
1089 3106 1123 3156 10

88 3160 133 3224 Et
155 3159 331 3224 mediumt
317 3165 452 3224 tezona
475 3160 554 3246 liget
577 3162 700 3224 variata
666 3161 866 3225 tcolorum

87 3247 294 3312 Floribust
262 3253 294 3312 et
318 3254 385 3350 cast
387 3272 423 3313 ae
371 3249 594 3313 tmanibus
618 3249 732 3313 sudata
755 3248 906 3336 Serenae,

88 3338 258 3401 Persarum
281 3337 370 3422 genti
371 3338 527 3402 ledecus.
565 3336 617 3402 Sic
641 3339 759 3421 quippe
782 3338 911 3404 laborat

88 3426 243 3491 Maternis
268 3425 382 3488 studiis
404 3448 463 3490 nec
486 3426 676 3512 dedignatur
699 3431 862 3510 equestres

87 3515 197 3582 Moliri
220 3515 368 3598 phaleras
391 3537 508 3602 genero
532 3516 637 3580 latura
660 3515 814 3584 decorem.
