2392 3870
84 173 149 228 XVI
185 224 188 228 ,
482 171 697 228 PRAEFATIO.
741 252 747 262 ·

86 357 184 399 ausus
218 357 289 398 sum
320 334 413 399 Eutr.
437 332 453 398 I
477 336 541 400 309
569 336 702 413 deretini,
734 335 777 399 ib.
801 333 834 398 Π
860 336 924 400 185
952 339 1095 402 retinente.

85 423 200 507 Neque
227 422 331 487 habeo
360 423 417 487 ubi
442 423 657 488 necessariam
685 445 755 487 osse
782 424 866 487 aiam
894 424 1096 490 lectioneme

85 511 151 575 nisi
169 511 204 575 in
223 533 247 575 c.
261 535 302 575 m.
317 510 412 575 XVII
428 513 469 576 15
488 514 591 576 erarii.
630 511 779 576 Ceterum
797 513 832 575 in
845 509 895 575 III
910 534 1000 578 cons.
1014 513 1095 597 Hou,

87 600 206 683 q'uippe
233 600 269 663 in
297 621 361 683 quo
393 600 543 664 meliores
576 600 690 683 scripti
719 600 797 664 libri
825 599 995 687 deficiant,
1027 601 1096 666 illud

86 690 217 771 tepminc
240 687 416 771 adprobavi
438 689 538 772 praef.
561 711 590 752 v.
609 691 639 754 3.

175 776 322 859 Denique
344 777 380 840 in
402 777 600 841 carminibus
620 776 789 841 Claudiam
808 798 919 841 eorum
939 780 1095 861 quaesere

85 864 1096 1041 1111111111111111

85 1041 312 1106 notationibus
336 1064 416 1125 quas
439 1043 474 1105 in
496 1042 652 1125 proximis
670 1006 804 1128 paginis
829 1044 993 1126 praemisi.
1040 1043 1097 1109 Sub

85 1129 158 1213 ipso
190 1130 335 1215 margine
367 1131 544 1194 carminum
577 1131 722 1195 codicum
753 1131 926 1195 varietates
959 1154 1028 1198 non
1055 1131 1097 1196 od·

86 1218 242 1304 ferebam,
265 1218 324 1282 has
348 1218 433 1283 enim
450 1218 500 1283 Bi.
518 1219 659 1283 ubertim
677 1219 934 1305 ministraverat,
958 1221 1017 1285 sed
1035 1242 1097 1286 con·

85 1305 301 1372 iectanearum
324 1307 500 1372 lectionum
518 1311 665 1372 auctores
684 1308 850 1372 nominare
868 1308 916 1372 ibi
935 1309 1019 1374 satis
1037 1329 1097 1374 esse

88 1395 173 1482 duxi,
191 1397 238 1460 ita
256 1400 293 1460 ut
313 1396 458 1461 codicum
472 1396 644 1461 lectionem
658 1397 727 1460 sine
740 1400 818 1461 nota
832 1397 924 1461 iuxta
942 1419 1097 1480 ponerem.

174 1485 224 1550 De
244 1484 355 1550 ordine
374 1485 553 1549 carminum
572 1507 667 1568 quem
682 1508 720 1549 ex
734 1485 927 1549 auctoritaie
945 1486 1098 1551 librorum

87 1573 300 1658 exhibuimus,
324 1578 392 1637 erat
416 1596 489 1637 cum
512 1573 705 1659 dubitarem,
729 1578 814 1638 certe
833 1574 919 1637 enim
937 1575 1098 1658 aptissime

85 1659 171 1724 inter
192 1661 429 1747 Panegyricum
451 1661 586 1725 Probini
608 1665 640 1726 11
663 1662 765 1725 libros
788 1662 823 1726 in
840 1662 999 1728 Rufinum
1017 1663 1098 1727 ador
1137 1682 1141 1789 p

84 1749 156 1812 nari
188 1748 296 1832 potuit
324 1748 450 1832 Raptus
477 1749 703 1835 Proserpinae,
734 1751 798 1815 fuit
826 1751 911 1814 eninr
938 1751 994 1816 hic
1020 1750 1098 1816 inter
1138 1792 1141 1860 ,

85 1836 190 1921 prima
222 1837 390 1901 conamina
421 1837 533 1902 Musae
562 1837 773 1903 Claudianeae
806 1842 838 1902 et
869 1839 965 1903 illum
997 1840 1097 1904 locum
1139 1864 1141 1913 ι

87 1925 151 1989 sibi
175 1924 311 2012 adrogat
334 1925 433 1989 etiam
455 1929 599 2010 tempore
622 1926 707 2013 ipso,
727 1949 791 2010 quo
809 1931 906 1991 natus
926 1932 985 1992 est.
1021 1927 1098 1992 Item
1139 1938 1141 1965 ¹

87 2035 106 2077 a
126 2012 256 2078 Graecis
280 2013 475 2078 carminibus
498 2015 592 2079 Musa
615 2015 694 2079 haec
717 2015 883 2080 exordium
906 2019 1098 2100 sumpserat;
1129 2064 1133 2073 .

86 2101 246 2167 debebant
261 2124 337 2188 ergo
352 2102 431 2167 haec
444 2103 479 2167 in
492 2104 606 2187 primis
620 2103 748 2190 paginis
763 2103 907 2209 exprimi.
932 2104 1098 2169 Praeterea

85 2191 225 2255 testibus
249 2195 305 2255 aui
329 2191 460 2274 optimis
484 2196 540 2256 aut
563 2192 658 2257 bonis
682 2195 828 2256 certeco
852 2191 964 2256 deduci
987 2191 1099 2276 possis,

14 2323 19 2331 -
85 2284 122 2344 ut
145 2279 273 2343 Bellum
297 2277 501 2344 Gildonicum
524 2284 599 2364 post
622 2280 750 2367 Bellum
769 2279 945 2345 Gothicum
963 2282 1098 2346 colloces

86 2365 141 2454 (cf.
155 2368 203 2433 Bi.
218 2369 316 2452 praef.
330 2392 360 2453 p.
377 2367 534 2455 CXXXI).
571 2367 633 2435 sed
651 2373 760 2433 tamen
777 2368 829 2432 his
849 2369 1099 2454 cogitationibus

86 2478 146 2544 ogo
181 2457 315 2540 obsequi
346 2457 451 2543 nolui,
487 2461 524 2521 ut
555 2478 596 2521 ne
629 2457 773 2521 ordinem
808 2457 1002 2543 carminum,
1040 2477 1098 2541 quo

85 2543 213 2630 Ieepius
236 2568 255 2610 a
279 2545 435 2632 Gesnero,
466 2545 590 2618 Birtius
613 2568 632 2609 a
654 2544 763 2629 Ieepio
791 2545 964 2630 discrepat,
998 2545 1098 2610 denuo
1138 2480 1141 2627 i

85 2634 155 2718 ipsa
179 2656 307 2718 quoque
329 2635 530 2699 inmutarem.
1139 2632 1141 2647 '

175 2722 215 2787 In
247 2720 507 2809 orthographicis
539 2727 571 2787 11
603 2722 862 2806 interpunctione
895 2725 1056 2805 quatenus
1084 2744 1100 2785 a
1139 2734 1141 2767 i

88 2809 264 2877 Claudiano
287 2812 408 2876 maiore
431 2811 485 2876 hio
508 2811 614 2876 minor
640 2811 820 2897 recesserit,
852 2811 916 2894 ipsi
943 2809 1099 2875 videbunt

87 2899 143 2984 qui
165 2899 346 2984 inspicient.

88 3075 275 3141 Scribebam
285 3075 394 3142 Ostiae
405 3076 445 3139 ad
456 3075 611 3176 Saravum
620 3097 729 3140 mense
739 3073 1099 3140 Maionnoooxfflfl.
1139 3068 1141 3137 ῗ
