2392 3870
128 158 172 221 96
457 156 605 212 CLAVDII
623 155 823 212 convniam

129 320 195 383 Dat
218 319 325 383 varios
347 340 449 383 nexus
472 323 505 382 et
527 319 615 382 iusto
638 318 755 382 dividit
779 319 875 384 orbes

130 407 263 489 Ordine,
285 407 466 493 neglectam
488 412 613 491 partem
636 407 784 471 studiosa
807 409 1012 492 relinquens:
1103 428 1150 478 105

128 495 207 559 Plus
230 518 320 559 error
342 495 457 558 decuit.
503 494 633 579 Speculi
655 517 714 559 nec
736 496 848 560 vultus
871 498 992 583 egebat

129 582 267 651 Iudicio:
290 584 407 648 similis
429 588 515 647 tecto
538 588 739 647 monstratur
761 584 796 648 in
819 587 909 649 omni

128 671 174 736 Et
197 673 335 756 rapitur,
358 693 560 755 quocumque
583 671 684 755 ridet,
707 672 784 736 dum
807 673 939 759 singula
963 675 1083 762 cernit,

130 759 233 843 Seque
256 761 382 843 probat.
426 758 506 824 Nati
529 759 688 823 venientis
712 761 872 845 conspicit
894 762 1049 829 umbram

130 847 369 931 Ambrosioque
392 848 466 912 sinu
488 869 624 931 puerum
646 848 813 932 complexa
836 849 979 915 ferocem
1101 871 1149 919 110

130 935 228 1010 ‘Quid
249 942 377 1000 tantum
399 935 565 1022 gavisus?
588 936 648 1019 ait3
671 937 766 1018 ‘quae
788 937 913 1021 proelia
936 940 1037 1004 sudas

130 1022 303 1107 Improbe?
326 1024 400 1106 quis
423 1024 523 1088 iacuit
545 1024 643 1087 telis?
688 1022 852 1090 Iterumne
875 1026 1062 1094 Tonantem

129 1110 219 1176 Inter
242 1111 392 1176 Sidonias
415 1112 506 1198 cogis
529 1112 655 1197 mugire
678 1112 852 1178 iuveneas?

129 1199 183 1264 An
204 1199 321 1264 Titana
344 1201 478 1264 domas?
500 1223 542 1263 an
564 1201 742 1283 pastoralia
763 1202 889 1266 Lunam

128 1288 254 1352 Rursus
278 1289 312 1353 in
335 1293 428 1352 antm
450 1289 568 1352 rocas?
613 1289 739 1352 Durum
761 1312 981 1376 magnumque
1005 1293 1128 1360 videris

129 1377 316 1442 Debellasse
338 1377 452 1441 deum'.
1099 1400 1148 1449 116

501 1464 682 1549 Suspensus
706 1465 742 1529 in
764 1467 875 1531 oscula
897 1469 1015 1533 matris

128 1552 189 1617 Ille
212 1555 322 1618 refert:
345 1554 504 1639 ‘Laetare,
526 1574 657 1637 parens,
680 1553 808 1618 inmane
831 1560 1003 1640 tropaeum

130 1642 342 1726 RettulimuS,
364 1647 512 1706 nostrum
534 1642 600 1705 iam
623 1641 725 1706 sensit
747 1629 916 1708 Honorius
939 1667 1061 1712 arcum.

130 1728 201 1793 Scis
224 1730 361 1793 Mariam
383 1736 571 1814 patremque
594 1730 719 1815 ducem,
742 1731 799 1814 qui
823 1733 955 1816 cuspide
979 1733 1098 1802 Gallos

130 1815 323 1900 Italiamque
345 1818 446 1902 fovet,
468 1840 527 1882 nec
549 1824 582 1882 te
604 1819 768 1902 praeclara
792 1818 929 1886 Serenae
1098 1842 1149 1892 120

130 1903 229 1968 Fama
251 1905 339 1969 latet.
384 1905 539 1989 Propera,
561 1907 726 1992 regalibus
749 1907 853 1972 adnue
876 1910 977 1974 rotis:

129 1992 230 2079 Iunge
253 1993 364 2057 toros?

409 2080 539 2145 Gremio
561 2089 674 2147 natum
699 2083 857 2167 Cytherea
880 2087 1020 2152 removit

129 2169 174 2233 Et
197 2168 301 2232 crines
324 2168 442 2232 festina
465 2170 547 2256 ligat
570 2171 763 2256 peplumque
785 2173 939 2238 fluentem

129 2256 267 2322 Adlevat
290 2264 322 2322 et
345 2257 464 2321 blando
487 2258 664 2342 spirantem
685 2261 818 2326 numine
840 2266 953 2328 ceston

129 2345 294 2434 Cingitur,
317 2346 474 2430 impulsos
496 2347 617 2430 pluviis
640 2370 704 2431 quo
727 2349 859 2436 mitigat
881 2372 1007 2438 amnesi,
1099 2373 1150 2423 125

131 2435 201 2514 Quo
224 2458 324 2521 mare,
348 2458 412 2520 quo
435 2440 549 2500 ventos
572 2435 719 2520 irataque
740 2438 878 2503 fulmina
901 2440 1009 2505 solvit.

129 2525 175 2590 Vt
199 2527 291 2590 stetit
314 2524 354 2589 ad
376 2524 469 2609 litua,
491 2547 608 2608 parvos
631 2525 760 2589 adfatur
781 2526 944 2592 alumnos:

196 2613 310 2678 ‘Heusl
335 2614 408 2698 quis
427 2613 498 2699 erit,
520 2614 621 2699 pueri,
643 2615 763 2678 vitreas
782 2616 838 2698 qui
856 2616 969 2700 lapsus
987 2618 1025 2682 in
1041 2622 1149 2687 undas

129 2700 202 2764 Huc
225 2703 372 2786 rapidum
395 2702 530 2766 Tritona
553 2706 658 2787 vocet,
681 2725 745 2785 quo
768 2707 860 2767 reeta
881 2727 940 2789 per
962 2705 1069 2772 altum

130 2788 286 2852 Deferar?
321 2789 417 2855 Haud
439 2813 593 2875 umquam
615 2795 707 2855 tanto
730 2791 812 2855 mihi
835 2793 960 2858 venerit
982 2817 1054 2861 usu.
1096 2815 1149 2866 130

131 2876 235 2961 Sacri,
258 2899 340 2962 quos
362 2880 516 2964 petimuS,
538 2879 682 2943 thalami.
727 2879 895 2944 Pernicius
919 2903 1032 2947 omnes
1110 2943 1118 2949 .

131 2965 295 3052 Quaerite,
319 2989 375 3030 seu
398 2968 520 3032 concha
541 2968 701 3052 Libycum
724 2969 941 3034 circumsonat
964 2993 1103 3059 aequor,

130 3052 275 3140 Aegaeas
299 3077 356 3119 seu
378 3056 501 3142 frangit
524 3078 632 3139 aquas.
678 3055 879 3141 Quicumque
901 3064 1067 3143 repertum

129 3141 280 3229 Duxerit,
303 3151 415 3209 aurate
438 3145 612 3209 donabitur
634 3144 690 3208 ille
711 3146 884 3228 pharetra?

196 3230 331 3297 Dixerat
354 3239 386 3297 et
409 3255 521 3318 sparsa
543 3232 662 3297 diversi
685 3233 778 3317 plebe
801 3234 950 3299 feruntur
1097 3257 1149 3308 135

203 3447 252 3496 135
278 3459 377 3512 sparsa
399 3441 515 3514 diversi]
538 3439 579 3499 eae‘
596 3445 654 3500 cod.
672 3443 735 3499 Vct.
754 3445 882 3512 Livinei;
904 3444 998 3513 sparsi
1020 3419 1149 3522 diversa,

128 3512 220 3581 sparsi
238 3513 343 3585 dinsa,
362 3531 428 3584 pars
447 3515 558 3570 adversi
575 3515 619 3570 (le.
