2392 3870
315 153 436 234 (irrui.)
459 153 508 207 nn
527 152 644 209 annuc
664 151 833 210 00111100.
1014 157 1079 222 207

60 317 110 381 Ac
133 316 236 381 veluti
258 316 386 402 famuli,
408 314 545 380 mendax
570 338 651 400 quos
674 317 790 381 mortis
814 316 902 382 erilis

61 405 206 472 Nuntius
229 405 264 470 in
286 405 399 469 luxum
422 404 506 468 falso
530 427 659 469 rumore
682 405 830 492 resolvit,

61 495 149 559 Dum
171 497 315 558 marcent
339 492 443 577 epulis
467 496 565 577 atque
587 494 673 558 inter
695 493 770 558 vina
794 495 973 579 chorosque

60 583 225 648 Persultat
247 582 358 647 vacuis
381 583 500 646 effrena
523 581 654 647 licentia
676 582 786 669 tectis,

63 671 98 737 Si
121 671 268 736 reducem
291 671 457 736 dominum
480 693 552 735 sors
574 671 751 756 improvisa
774 672 910 759 revexit,
1028 691 1080 741 370

61 760 204 825 Ηο010110
228 760 360 824 attoniti
373 760 631 843 ,libertatemque
654 782 790 844 perosus

63 848 199 913 Conscia
223 849 349 914 servilis
372 849 559 933 praecordia
583 849 727 913 concutit
749 849 878 914 horror:

61 937 114 1003 Sic
138 938 227 1002 ducis
252 938 406 1022 adspectu
430 938 538 1003 cuncti
561 941 713 1020 stupuere
737 939 888 1024 rebelles,

60 1025 162 1110 Inque
185 1049 251 1091 uno
275 1027 425 1111 princeps
447 1026 642 1109 Latiumque
665 1030 698 1090 00
721 1031 792 1092 tota
815 1027 944 1092 relulsit

60 1116 165 1180 Roma
187 1116 266 1181 viro.
303 1115 408 1180 Frons
431 1114 517 1179 laeta
539 1137 668 1201 parum,
690 1137 758 1180 non
780 1115 908 1180 tristior
931 1139 1047 1205 aequo,

60 1203 137 1269 Non
160 1205 282 1268 deiecta
305 1203 414 1290 malis,
437 1203 540 1268 mixta
563 1203 619 1267 sed
640 1203 761 1268 nobilis
785 1204 845 1269 ira:
1026 1225 1078 1274 370

62 1291 174 1369 Qualis
197 1293 233 1356 in
254 1293 429 1379 Herculeo,
453 1291 603 1376 quotiens
626 1292 758 1357 infanda
780 1293 914 1358 iubebat

61 1381 279 1467 Eurystheus,
302 1381 365 1446 fuit
390 1404 444 1446 ore
468 1381 561 1446 dolor
582 1381 635 1446 vel
658 1381 763 1465 qualis
786 1382 822 1446 in
845 1386 949 1449 atram

62 1469 229 1535 Sollicitus
251 1471 372 1534 nubem
394 1474 520 1535 maesto
543 1469 619 1536 Iove
644 1470 773 1556 cogitur
795 1471 913 1537 aether.

128 1558 285 1623 ‘Tantane
308 1559 378 1624 vos'
403 1559 510 1642 inquit
533 1557 650 1624 ‘Getici
673 1559 790 1623 fiducia
813 1560 891 1623 belli
1026 1579 1077 1629 380

60 1647 192 1734 Erigit?
215 1648 291 1712 hinc
314 1647 421 1713 animo
445 1649 567 1712 frustra
589 1647 757 1712 tumuistis
780 1648 891 1713 inani?

60 1735 137 1801 Non
159 1736 206 1800 ita
228 1736 412 1801 Romanurn
435 1736 496 1801 fati
518 1736 674 1801 violentia
696 1758 816 1801 nomen

61 1821 237 1910 Opprimit,
260 1830 297 1889 ut
320 1829 446 1890 vestros
468 1828 608 1909 nequeat
630 1824 745 1908 pimire
768 1826 929 1891 tumultus

60 1912 158 1978 Parte
181 1913 240 1978 sui.
278 1913 330 1979 Nc
352 1936 411 1978 vos
434 1914 531 2000 longe
555 1935 701 1978 sermone
723 1915 828 1998 petito

60 2001 230 2088 Demorcr,
253 2004 435 2087 exemplum
458 2002 576 2068 veteris
600 2003 785 2090 cognoscite
808 2004 899 2068 facti:
1026 2022 1078 2072 385

64 2090 144 2154 Cum
168 2091 255 2155 ferus
277 2091 441 2156 Ausonias
464 2091 680 2179 perfringeret
702 2092 869 2156 Hannibal
892 2115 981 2158 arces

60 2178 105 2242 Et
129 2178 280 2245 Trebiam
303 2203 398 2246 saevo
422 2181 641 2268 geminassent
663 2181 775 2246 funere
800 2181 941 2268 Cannae,

58 2266 266 2352 Nequiquam
289 2269 479 2334 Emathium
501 2270 627 2354 pepulit
651 2292 724 2354 spes
747 2293 830 2334 vana
852 2269 1055 2357 Philippum,

59 2355 105 2420 Vt
128 2358 217 2421 velut
241 2358 388 2424 adflictus
411 2360 497 2423 ferro
520 2362 696 2442 temptaret
718 2358 823 2423 inerti.

56 2445 225 2512 Romanos
249 2448 423 2512 commovit
446 2451 540 2511 atrox
563 2446 681 2510 iniuria
703 2450 827 2530 patres,
1024 2464 1076 2513 000

59 2533 222 2620 Vrgerent
245 2536 368 2599 maiora
390 2536 480 2620 licet,
503 2534 709 2621 graviterque
732 2534 850 2619 tulere,

59 2622 205 2686 Vrbibus
219 2623 313 2686 inter
337 2645 371 2687 00
395 2623 490 2687 010110
514 2622 552 2686 (10
576 2622 715 2686 0011111110
737 2643 845 2685 rerum

61 2710 268 2797 Congressis,
292 2711 415 2794 aliquid
437 2714 550 2797 gentes
574 2710 690 2774 audere
713 2710 862 2775 minores.

57 2799 128 2865 Nec
151 2820 288 2882 poenam
311 2799 438 2863 differre
460 2799 581 2885 placet,
604 2799 660 2863 scd
682 2798 768 2862 bella
791 2799 916 2885 gerenti

57 2888 181 2953 Punica
204 2888 345 2953 Laevino
368 2887 455 2974 regis
479 2909 607 2971 quoque
630 2887 754 2971 proelia
776 2887 942 2958 mandant.
1024 2907 1075 2957 090

57 2977 172 3041 Ρο1010
195 2977 338 3061 imperiis
363 2977 489 3063 consul,
512 2977 669 3060 fususque
690 2976 876 3063 Philippus,

57 3065 147 3130 Vilia
171 3066 246 3130 dum
269 3065 423 3152 gravibus
445 3067 576 3150 populis
598 3065 763 3130 interserit
786 3088 889 3151 arma,

56 3155 288 3219 Praetereunte
310 3178 408 3219 manu
430 3155 542 3220 didicit
563 3177 631 3220 non
653 3176 723 3219 0000
745 3158 916 3238 potentum

58 3243 289 3330 Temptandas,
311 3244 425 3309 mediis
449 3244 596 3328 quamvis
619 3244 654 3306 in
676 3242 833 3328 luctibuS,
855 3243 942 3310 iras?

125 3332 198 3396 Hoc
220 3333 346 3397 monitu
368 3333 490 3417 paritor
511 3332 678 3398 nascentia
701 3332 787 3396 bolla
810 3332 964 3416 repressit
1023 3349 1075 3398 400
1178 3402 1181 3406 ,

56 3421 103 3485 Et
126 3421 213 3485 bello
238 3421 396 3505 quaesivit
420 3443 497 3506 opes
520 3422 665 3509 legitque
687 3425 855 3505 precantes

56 3508 190 3574 Auxilio
214 3533 344 3576 mensus
366 3533 550 3598 numerum,
573 3511 629 3595 qui
653 3530 815 3597 congruus
838 3514 923 3576 00000
