2392 3870
127 162 190 227 158
453 161 600 218 CLAVDII
619 159 822 217 CLAVDIANI

128 326 240 410 Vsque
265 326 384 390 adeone
407 324 488 389 levis
510 324 616 408 pacati
639 324 745 410 gloria
767 323 911 388 Rhenil’

194 414 271 479 Inde
296 412 469 477 Caledonio
493 413 599 477 velata
621 413 793 477 Britannia
815 417 976 499 monstr0,

124 503 224 568 Ferro
247 503 334 587 picta
356 523 469 588 genas,
492 502 583 565 cuius
606 502 744 588 vestigia
766 502 866 566 verrit

128 591 282 657 Caerulus
306 589 487 673 Oceanique
511 595 635 653 aestum
657 591 814 655 mentitur
837 591 985 654 amiotus:

127 679 196 745 ‘Me
220 700 347 763 quoque
370 679 485 742 vicinis
508 682 695 762 pereuntem
718 678 887 765 gentibus'
910 679 1018 762 inquit
1095 699 1153 749 250

127 768 283 834 ‘Munivit
306 766 457 852 Stilicho,
480 771 584 831 totam
608 788 681 831 cum
705 766 836 831 Scottus
859 767 1025 832 Hivernen

125 858 230 922 Movit
253 860 285 920 et
307 856 427 920 infesto
451 856 613 939 spumavit
635 856 755 942 remige
778 855 908 940 Tethys.

125 945 219 1012 Illius
242 946 390 1009 effectum
414 944 513 1029 curis,
536 966 576 1008 ne
598 944 665 1007 tela
687 944 834 1009 timerem

127 1035 283 1120 Scottica,
304 1055 345 1097 ne
367 1032 497 1096 Pictum
520 1036 702 1118 tremerem,
724 1054 765 1096 ne
788 1033 884 1097 litore
907 1036 978 1097 toto

124 1123 346 1206 Prospicerem
370 1121 476 1185 dubiis
499 1125 671 1186 venturum
695 1120 822 1186 Saxona
845 1122 975 1186 ventis'.
1092 1143 1148 1193 255

193 1211 276 1275 Tum
299 1211 396 1294 spicis
420 1214 452 1275 et
476 1210 569 1274 dente
593 1231 701 1286 comas
725 1210 873 1274 inlustris
897 1210 1019 1275 eburno

123 1301 170 1365 Et
193 1300 296 1365 calido
319 1299 497 1363 rubicunda
521 1298 571 1361 die
594 1298 640 1362 sic
663 1296 774 1362 Africa
797 1299 897 1363 fatur:

126 1388 318 1474 ‘Sperabam
341 1388 449 1453 nullas
471 1386 592 1451 trabeis
617 1385 753 1451 Gildone
776 1391 942 1472 perempto

123 1477 223 1545 Nasci
245 1499 341 1562 posse
364 1498 480 1541 moras.
516 1474 627 1540 Etiam
649 1497 735 1540 nunc
757 1476 812 1540 ille
835 1481 994 1562 repugnat

124 1566 171 1632 nt
192 1571 285 1631 tanto
309 1566 437 1630 dubitat
460 1564 563 1628 fasces
585 1563 738 1648 praebere
761 1564 940 1651 triumphe,
1091 1586 1147 1637 260

125 1654 187 1732 Qui
209 1655 290 1720 mihi
312 1654 500 1718 Maurorum
522 1653 652 1738 penitus
675 1653 873 1718 lacrimabile
895 1675 1014 1719 nomen

123 1742 276 1830 Ignorare
300 1743 424 1807 dedit?'

184 1904 190 1911 Ι
459 1829 540 1893 Post
562 1828 621 1893 has
646 1828 798 1894 Oenotria
821 1830 918 1894 lentis

123 1919 256 1984 Vitibus
279 1920 469 2002 intorquens
492 1917 625 1981 hederas
648 1921 681 1982 et
703 1918 835 2002 palmite
858 1919 950 2005 largo

123 2008 209 2073 Vina
231 2008 347 2071 fluens:
372 2006 423 2072 ‘Si
445 2027 504 2070 vos
528 2006 605 2069 adeo
630 2005 808 2071 Stilichone
833 2008 958 2072 curules

122 2096 244 2182 Augeri
267 2095 429 2181 flagratis'
452 2095 498 2158 ait
522 2096 617 2178 ‘quas
641 2094 711 2159 sola
732 2096 842 2160 iuvare
1089 2118 1144 2169 265

122 2186 222 2249 Fama
244 2187 366 2269 potest,
390 2186 511 2266 quanto
535 2204 585 2247 me
610 2183 739 2269 dignius
761 2184 876 2249 incitat
899 2185 1006 2271 ardor,

122 2274 169 2340 Vt
191 2277 359 2358 praesente
382 2272 472 2336 fruar
495 2271 822 2356 conscendentemque
845 2274 990 2338 tribunal

120 2363 303 2446 Prosequor
326 2365 423 2444 atque
447 2360 522 2424 anni
544 2360 737 2444 pandentem
761 2361 902 2426 claustra
926 2363 1107 2430 saluteml'

189 2451 322 2515 Talibus
345 2451 507 2515 alternant
531 2449 645 2513 studiis
668 2449 868 2534 Romamque
891 2457 1074 2540 precantes,

120 2542 184 2605 Pro
209 2541 347 2627 cunctis,
369 2539 555 2624 hortantur,
578 2542 638 2603 eat.
675 2538 744 2604 Nec
768 2540 898 2626 segnius
920 2539 979 2604 illa
1085 2561 1142 2614 270

119 2630 233 2694 Paruit
257 2629 379 2714 officiO,
402 2628 504 2713 raptis
528 2627 583 2691 sed
605 2627 754 2711 protinus
777 2629 875 2692 armis

122 2717 218 2782 Ocior
240 2738 374 2782 excusso
397 2739 454 2801 per
476 2716 589 2780 nubila
612 2716 713 2780 sidere
737 2716 853 2802 tendit,

120 2805 353 2870 Transvehitur
375 2805 497 2869 Tuscos
519 2804 795 2888 Appenninusque
817 2805 929 2870 volatu

121 2893 307 2979 Stringitur.
344 2894 505 2958 Eridanus
530 2893 624 2977 clipei
646 2893 711 2957 iam
734 2893 879 2980 fulgurat
902 2895 1031 2982 umbra,

122 2981 277 3047 Constitit
301 2986 375 3046 ante
399 2983 510 3047 ducem
533 2982 647 3046 tetrica
669 3003 728 3045 nec
749 2980 881 3046 Pallade
904 2983 1031 3049 vultum
1082 3002 1138 3054 275

119 3071 269 3136 Deterior
290 3093 349 3136 nec
372 3071 476 3136 Marte
499 3071 612 3135 minor.
649 3069 772 3135 Tremit
795 3071 872 3135 orbe
896 3092 1029 3137 corusco

119 3159 188 3224 Iam
212 3159 325 3223 domus
349 3163 381 3224 et
405 3182 546 3224 summae
569 3162 709 3246 tangrmt
731 3159 895 3243 laquearia
918 3161 1048 3248 cristae,

120 3248 202 3314 Tum
224 3248 314 3332 prior
336 3249 512 3313 attonitum
534 3249 637 3335 gratis
660 3248 768 3312 adfata
792 3249 956 3332 querellis:

187 3335 366 3423 Servatus,
390 3336 541 3423 Stilicho,
563 3359 621 3421 per
643 3340 689 3422 te,
712 3337 903 3424 venerande,
927 3338 1067 3426 curules,

119 3426 258 3490 Ornatas
280 3425 416 3490 necdum
438 3426 551 3490 fateor.
589 3425 672 3502 Quid
694 3427 818 3509 profuit
841 3427 917 3490 anni
1080 3446 1135 3497 280

118 3514 273 3580 Servilem
296 3515 458 3599 pepulisse
480 3515 614 3582 notam?
649 3514 803 3579 Defendis
826 3514 997 3601 honorem,
