2438 3878
273 183 330 254 (V.)
348 182 389 237 IN
406 182 576 238 RVFINVM
594 182 703 237 LIBER
723 182 920 239 SECVNDVS.
1064 183 1106 248 31

94 346 191 413 Tanti
214 345 385 410 consilium
407 345 498 431 vulgi
520 343 665 429 potuisse
687 345 787 409 taceri

94 436 162 501 Aut
185 434 310 498 facinus
333 436 401 498 tam
424 434 545 519 grande
568 433 635 520 tegi
657 433 838 518 mentisque
862 435 1000 499 calorem

95 525 172 589 Non
195 544 341 587 sermone
363 521 442 607 viae,
464 543 532 587 non
554 522 639 586 inter
660 523 777 605 pocula
799 523 927 607 rumpi?

95 611 250 697 Aequalis
273 614 399 675 tantam
421 610 526 675 tenuit
549 610 732 674 constantia
754 611 884 675 turbam

95 702 140 766 Et
163 700 227 764 fuit
250 721 401 763 arcanum
423 699 553 784 populo.
598 698 802 763 Percurritur
824 699 977 785 Haemus,
1058 717 1110 766 290

95 789 264 854 Deseritur
286 788 443 870 Rhodope
458 787 689 870 ‘Thracumque
712 810 770 871 per
792 788 891 852 ardua
913 788 1060 874 tendunt,

95 879 207 943 Donec
230 877 270 940 ad
292 875 443 940 Herculei
465 880 655 959 perventum
676 876 816 941 nominis
839 878 961 942 urbem.

163 965 210 1030 Vt
233 964 367 1028 cessisse
391 963 511 1049 ducem,
533 964 666 1048 propius
690 965 816 1030 venisse
839 966 988 1031 cohortes

99 1054 238 1141 Cognita
259 1054 388 1137 Rufino,
411 1074 529 1138 magna
552 1052 673 1117 cervice
696 1053 876 1138 triumphat

98 1143 214 1207 Omnia
237 1145 309 1205 tuta
331 1145 422 1205 ratus
446 1145 671 1225 sceptrumque
694 1164 858 1226 capessere
881 1144 983 1208 fervet
1060 1160 1112 1210 000

97 1233 142 1296 Et
165 1231 350 1295 coniuratos
372 1229 523 1294 hortatur
545 1251 623 1294 voce
646 1230 792 1295 clientes:

98 1319 265 1404 ‘Vicimus
288 1318 479 1403 expulimus,
501 1318 608 1382 facilis
630 1318 696 1382 iam
719 1319 811 1403 copia
834 1320 933 1406 regni.

97 1408 218 1473 Nullus
237 1408 278 1471 ab
292 1407 386 1471 hoste
400 1407 506 1471 timor.
539 1406 618 1482 Quis
637 1406 731 1493 enim,
748 1429 844 1491 quem
857 1429 989 1491 poscere
1008 1408 1113 1473 solum

99 1495 246 1582 Horruit,
267 1496 354 1559 hunc
376 1498 469 1581 tanto
492 1495 653 1559 munitum
675 1496 779 1560 milite
801 1495 931 1560 vincat?

100 1584 179 1661 Quis
197 1585 281 1648 ferat
300 1588 468 1669 armatum,
483 1605 578 1668 quem
596 1605 663 1648 non
681 1585 845 1668 superavit
863 1584 1038 1650 inermem?
1061 1602 1114 1651 300

98 1672 114 1736 Ι
137 1695 231 1758 1111110,
254 1672 389 1736 exitium
410 1672 505 1737 nobis
528 1671 683 1738 meditare
706 1677 849 1738 remotus

99 1760 274 1846 Incassum,
298 1760 444 1846 Stilich0,
468 1761 544 1826 dum
566 1783 626 1826 nos
649 1761 840 1849 longissima
861 1762 959 1826 tellus

99 1850 231 1914 Dividat
254 1853 286 1913 et
309 1849 422 1913 mediis
444 1849 569 1916 Nereus
591 1849 802 1936 interstrepat
825 1851 928 1918 undis.

99 1937 236 2022 Alpinas
259 1937 398 2002 transire
421 1938 483 2002 tibi
505 1961 557 2003 me
580 1939 712 2022 sospite¹
725 1962 821 2023 rupes

100 2025 198 2090 Haud
220 2025 357 2090 dabitur.
402 2024 520 2091 Iaculis
543 2027 633 2092 illinc
655 2051 706 2092 me
729 2029 828 2116 figere
851 2033 982 2112 tempta.
1062 2045 1113 2093 300

101 2115 224 2191 Quaere
247 2115 338 2178 ferox
361 2137 477 2202 ensem,
501 2115 557 2200 qui
579 2118 693 2181 nostra
716 2118 757 2182 ad
778 2117 905 2182 moenia
928 2114 1016 2181 tendi

99 2203 210 2267 Possit
233 2203 273 2265 ab
296 2201 400 2268 ltalia.
446 2203 523 2269 Non
545 2208 578 2268 te
601 2204 792 2272 documenta
814 2206 969 2290 priorum,

98 2289 177 2357 Non
199 2292 344 2375 exempla
367 2293 500 2357 vetant?
523 2293 673 2377 quisnam
697 2298 832 2360 conatus
855 2294 943 2359 adire

100 2379 169 2445 Has
193 2380 293 2444 iactat
314 2381 435 2445 vitasse
458 2381 596 2446 manus?
631 2383 837 2448 Detrusimus
861 2383 938 2446 orbe

101 2467 146 2533 Te
169 2467 273 2533 medio
297 2469 462 2553 tantisque
485 2470 583 2534 simul
605 2471 816 2555 spoliavimus
840 2470 946 2534 armis.
1063 2487 1115 2536 310

100 2556 197 2622 Nunc
220 2557 323 2641 epulis
347 2562 484 2644 tempus,
508 2559 600 2644 socii,
622 2582 708 2626 nunc
731 2560 823 2645 larga
844 2579 958 2642 parare

100 2645 235 2709 Munera
258 2645 505 2731 donandumque
526 2647 620 2712 novis
642 2647 826 2734 legionibus
849 2647 975 2710 auruml

102 2731 293 2817 Opportuna
314 2734 394 2798 meis
418 2735 522 2800 oritur
544 2736 600 2800 lux
624 2737 764 2801 crastina
786 2735 880 2801 votis.

102 2821 196 2897 Quod
217 2822 301 2886 nolit
324 2843 380 2886 rex
403 2823 472 2908 ipse
495 2824 574 2889 velit
596 2825 769 2909 iubeatque
792 2829 922 2889 coactus

102 2908 142 2973 In
164 2914 289 2992 partem
311 2910 392 2974 mihi
414 2934 514 2999 regna
537 2913 614 2978 dari.
662 2912 838 3000 Contingat
861 2912 896 2977 in
918 2934 982 2977 uno
1064 2928 1116 2977 310

101 2997 226 3062 Privati
248 2999 371 3084 fugisse
393 3001 524 3065 modum
548 3001 730 3085 crimenque
752 3001 903 3085 tyranni?

169 3087 303 3151 Talibus
327 3088 485 3153 adclamat
508 3089 603 3154 dictis
625 3090 745 3154 infame
766 3094 940 3154 nocentum

104 3172 293 3260 Concilium,
317 3177 373 3259 qui
395 3178 559 3261 perpetuis
583 3200 709 3243 crevere
731 3178 853 3262 rupinis

102 3261 147 3325 Et
171 3285 253 3346 quos
275 3286 340 3327 una
363 3266 441 3330 facit
463 3266 583 3331 Rufino
607 3289 703 3331 causa
726 3267 867 3331 sodales:

103 3348 269 3415 Inlicitum
292 3352 420 3418 duxisse
442 3354 540 3440 nihil,
563 3355 692 3419 fimesta
714 3360 820 3419 tacere
1065 3370 1117 3418 300

102 3437 215 3503 Nexus
239 3440 406 3507 amicitiae.
451 3441 587 3507 Iamiam
610 3443 747 3508 conubia
770 3444 847 3508 laeti

102 3527 312 3611 Despondent
335 3531 440 3596 aliena
463 3531 527 3596 sibi
549 3531 733 3616 frustraque
757 3532 899 3596 vicissim
