2392 3870
103 155 213 226 (XXH.)
227 155 276 209 DE
292 152 440 211 CONSVL.
456 152 681 210 STILIOHONIS
694 154 804 209 LIBER
818 155 1017 213 SECVNDVS.
1054 157 1117 222 151

252 445 315 517 DE
344 443 627 517 CONSVLATV
656 445 967 520 STILIOHONIS.

429 605 552 666 LIBER
576 605 792 667 SECVNDVS.

560 740 597 807 (X
651 743 669 809 ·)

169 849 336 914 Hactenus
359 851 502 912 armatae
524 847 648 913 laudes:
671 871 757 914 nunc
781 849 932 934 qualibus
956 853 1067 917 orbem

105 937 250 1003 Moribus
274 942 306 1003 et
330 940 453 1021 quanto
475 936 580 1002 frenet
603 938 793 1003 metuendus
816 961 933 1026 amore,

104 1025 174 1104 Quo
198 1027 328 1091 tandem
351 1026 453 1090 flexus
476 1026 605 1090 trabeas
629 1031 759 1091 auctore
782 1031 934 1114 rogantes

101 1115 247 1180 induerit
270 1114 428 1199 fastisque
452 1136 546 1179 suum
570 1116 763 1179 concesserit
786 1137 919 1202 annum,

101 1203 214 1270 Mitior
236 1204 371 1288 incipiat
394 1203 512 1268 fidibus
538 1204 603 1268 iam
625 1202 719 1267 Musa
741 1205 893 1269 remissis.
1100 1225 1118 1275 5

168 1293 333 1376 Principio
356 1292 466 1377 magni
490 1295 599 1356 custos
623 1291 801 1356 Clementia
823 1295 947 1380 mundi,

28 1430 31 1436 Α
104 1381 192 1457 Quae
215 1380 302 1445 Iovis
325 1380 461 1445 incoluit
484 1402 607 1465 aonam,
631 1402 712 1465 quae
735 1385 893 1465 temperat
916 1383 1063 1449 aethram

102 1469 248 1557 Frigoris
272 1473 304 1534 et
326 1470 473 1534 flammae
496 1469 614 1555 medio3
639 1491 720 1553 quae
742 1470 882 1534 maxima
904 1476 984 1536 natu

104 1558 308 1623 Caelicolum.
344 1557 431 1623 Nam
453 1559 557 1642 prima
581 1558 678 1622 chaos
703 1556 881 1647 Olunentia
904 1561 1002 1624 solvit

103 1647 294 1734 Congeriem
316 1647 468 1711 miserata
490 1646 602 1711 rudem
624 1646 780 1730 vultuque
804 1669 915 1713 sereno
1084 1666 1118 1716 10

101 1735 266 1801 Discussis
289 1736 431 1801 tenebris
453 1736 489 1799 in
510 1734 615 1800 lucem
639 1735 765 1799 saecula
788 1735 880 1800 fudit.

101 1825 191 1889 Haec
215 1825 273 1889 dea
295 1846 355 1908 pro
379 1824 509 1907 templis
533 1827 565 1888 et
588 1827 660 1887 ture
683 1823 863 1889 calentibus
887 1826 951 1889 aris

100 1912 147 1976 Te
170 1913 290 1977 fruitur
312 1912 485 1996 posuitque
508 1934 583 1976 suas
606 1911 668 1976 hoc
691 1917 819 1997 pectore
844 1913 942 1978 sedes.

102 2000 192 2065 Haec
215 2001 308 2064 docet
330 2004 367 2065 ut
390 2001 503 2084 poenis
525 2000 693 2065 hominum
716 2001 768 2065 vel
791 2003 946 2089 sanguine
969 2004 1059 2088 pasci

104 2089 211 2174 Turpe
226 2090 392 2173 ferumque
407 2092 515 2175 putes3
529 2093 566 2154 ut
580 2089 832 2175 ferrum,Ma1te
847 2096 1026 2178 cruentum,
1083 2111 1117 2159 15

102 2176 230 2243 Sicoum
251 2200 329 2262 pace
353 2178 450 2264 feras3
473 2182 600 2243 utnon
620 2178 766 2243 infensus
790 2180 912 2244 alendis

100 2265 270 2331 Materiam
291 2271 436 2351 praestes
460 2267 555 2353 odiis3
577 2271 615 2332 ut
639 2268 788 2333 sontibus
810 2268 897 2332 ultro

101 2354 269 2442 Ignovisse
291 2357 381 2442 velis,
404 2357 545 2441 deponas
570 2356 659 2420 ocius
682 2356 765 2419 iram

102 2443 205 2520 Quam
223 2466 366 2529 moveas,
385 2445 534 2529 precibus
551 2466 728 2527 numquam
746 2442 961 2527 implacabilis
977 2444 1096 2529 obstes,

102 2531 205 2597 Obvia
227 2537 414 2616 prosternas
436 2536 663 2616 prostrataque
686 2552 775 2595 more
798 2531 928 2595 leonum
1081 2547 1118 2596 20

100 2619 282 2705 Despicias,
305 2621 426 2684 alacres
450 2621 562 2685 ardent
586 2620 641 2703 qui
664 2618 813 2704 frangere
835 2622 961 2703 tauros,

99 2708 302 2773 Transiliunt
324 2707 459 2790 praedas
481 2707 629 2771 humiles.
665 2706 737 2770 Hac
759 2706 828 2790 ipse
851 2707 1007 2792 magistra

100 2796 169 2862 Das
192 2796 319 2862 veniam
341 2795 450 2881 victis,
472 2795 533 2859 hac
557 2799 709 2859 exorante
733 2795 856 2859 calores

100 2886 280 2950 Horrificos
304 2888 336 2948 et
360 2905 451 2970 quae,
472 2905 650 2967 numquam
671 2883 828 2969 nocitura,
851 2884 1007 2949 timentur

99 2972 211 3060 Iurgia
234 2977 405 3038 contentus
430 2973 499 3037 solo
522 2977 645 3037 terrore
669 2994 794 3036 coerces
1081 2989 1116 3038 25

100 3061 248 3127 Aetherii
269 3061 372 3147 patris
396 3060 556 3148 exemplo,
580 3062 636 3145 qui
660 3065 775 3126 cuncta
798 3082 916 3125 sonoro

102 3150 296 3224 Concutiens
319 3152 444 3216 tonitru
468 3149 647 3236 Cyclopum
670 3149 794 3234 spicula
817 3149 923 3215 differt

100 3238 140 3303 ln
163 3240 314 3325 scopulos
338 3244 369 3304 et
392 3244 538 3305 monstra
561 3238 659 3304 maris
682 3238 850 3321 nostrique
873 3238 997 3302 cruoris

99 3327 221 3393 Parcus
244 3328 279 3392 in
302 3326 430 3393 Oetaeis
453 3332 578 3394 exercet
601 3327 738 3391 fulmina
762 3326 861 3391 silvis.

166 3416 253 3481 Huic
271 3416 362 3482 divae
384 3439 537 3504 germana
559 3415 654 3480 Fides
678 3416 851 3499 eademque
875 3416 980 3480 sorori
1082 3433 1118 3482 30

101 3504 203 3571 Corde
227 3510 284 3570 tuo
308 3505 441 3571 delubra
464 3509 577 3570 tenens
601 3525 671 3568 sese
695 3504 845 3569 omnibus
869 3503 951 3568 actis
