2392 3870
111 146 174 210 208
433 144 580 200 calven
598 143 787 200 CLAVDIAN
790 146 802 199 1

111 308 179 375 Nec
202 309 311 395 gravis
334 306 448 371 Italiae
471 307 731 372 formidandusve
754 310 899 394 regenti.

178 398 246 461 Nec
270 397 377 461 minus
401 401 532 480 accepto
555 401 686 461 nostrae
708 417 841 461 rumore
867 400 1036 469 cohortes

113 486 180 572 (Sic
205 486 294 549 ducis
317 490 411 572 urget
436 484 540 571 amor)
563 484 814 569 properantibus
839 489 1003 575 undique
1027 493 1123 582 signis

114 575 330 660 Conveniunt,
353 575 487 657 visoque
511 574 609 637 animi
633 573 812 638 Stilichone
838 581 977 664 recepti
1100 599 1142 649 roe

112 663 283 749 Singultus
306 663 413 726 varios
437 662 670 746 lacrimosaque
693 662 811 749 gaudia
836 665 1008 736 miscent:

113 751 166 817 Sic
190 756 334 815 armenta
357 752 471 836 boum,
494 751 595 815 vastis
619 773 700 834 quae
723 750 859 847 turbida
884 756 992 823 silvis

112 840 238 925 Sparsit
261 841 379 924 hieme,
404 844 517 903 cantus
540 861 577 903 ac
600 840 696 904 sibila
718 843 797 904 nota
819 844 992 930 magistri

114 930 269 993 Certatim
292 933 441 1012 repetunt
466 933 498 991 et
521 928 626 992 avitae
648 950 768 1012 pascua
790 930 893 996 vallis
1102 954 1143 1003 41⁰

112 1017 214 1099 hique
237 1017 339 1081 vicem
363 1039 396 1080 se
420 1039 497 1082 voce
520 1021 638 1103 regunt
661 1017 871 1104 gaudentque
896 1022 1027 1106 fideles

112 1107 256 1170 Reddere
279 1106 423 1192 mugitus
447 1110 491 1191 ct,
516 1129 578 1189 qua
602 1128 701 1171 sonus
724 1106 836 1192 attigit
862 1131 1006 1201 aurem,

113 1195 198 1258 Rara
221 1217 278 1278 per
302 1196 455 1258 obscuras
480 1194 634 1278 adparent
658 1217 776 1260 cornua
799 1195 955 1267 frondes,

112 1283 265 1347 Adcurrit
288 1284 393 1347 vicina
416 1305 544 1369 manus,
568 1305 665 1367 quam
686 1284 801 1348 Raetia
823 1307 940 1370 nuper

112 1372 300 1436 Vandalicis
324 1376 451 1436 auctam
475 1373 588 1456 spoliis
612 1372 741 1436 defensa
763 1373 941 1466 probavit3
1102 1396 1142 1446 415

112 1461 211 1525 Venit
235 1466 266 1525 et
290 1462 442 1525 extremis
466 1461 551 1547 legio
574 1465 742 1545 praetenta
765 1461 944 1530 Britannis
950 1520 962 1554 ‚

115 1550 202 1626 Quae
227 1548 339 1614 Scotto
364 1550 418 1613 dat
441 1550 532 1613 frena
555 1549 639 1613 truci
662 1551 811 1633 ferroque
833 1556 982 1622 notatas

114 1639 256 1725 Perlegit
281 1639 443 1703 exanimes
465 1638 558 1703 Picto
582 1639 739 1703 moriente
761 1640 902 1726 figuras3

113 1726 254 1812 Agmina
278 1729 357 1811 quin
379 1728 477 1791 etiam
499 1728 591 1791 flavis
616 1728 742 1791 obiecta
766 1726 969 1814 Sygambris

115 1815 265 1899 Quaeque
294 1817 425 1880 domant
455 1815 590 1881 Chattos
620 1816 909 1899 inmansuetosque
946 1821 1145 1910 Cheruscos,

112 1904 186 1967 Huc
211 1927 320 1968 ornnes
343 1909 466 1968 vertere
489 1906 593 1969 minas
616 1908 787 1988 tutumque
809 1908 952 1973 remotis
1100 1929 1144 1979 421

114 1993 271 2055 Excubiis
294 1993 444 2057 Rhenum
468 1994 537 2058 solo
561 1999 683 2057 terrore
706 1994 905 2077 relinquunt.

112 2080 230 2144 Vllane
253 2082 427 2163 posteritas
452 2083 582 2146 credet?
620 2082 791 2147 Germania
815 2085 991 2166 quondam

115 2168 177 2231 llla
200 2169 291 2231 ferox
314 2168 457 2254 populis,
482 2192 562 2251 quae
586 2170 640 2234 vix
663 2171 860 2235 instantibus
886 2174 974 2241 olim

115 2256 319 2340 Principibus
343 2261 413 2320 tota
436 2261 564 2341 poterat
588 2281 661 2323 cum
683 2261 768 2324 mole
790 2261 909 2347 teneri,
1098 2284 1144 2336 42⁶

115 2345 185 2410 Iam
208 2368 278 2410 sese
300 2346 460 2430 placidam
482 2348 614 2430 praebet
639 2346 827 2413 Stilichonis
850 2348 1015 2444 habenis,

114 2436 160 2500 Vt
183 2459 242 2500 nec
264 2435 433 2520 praesidiis
456 2436 577 2500 nudato
602 2436 705 2501 limite
728 2441 865 2521 temptet

115 2525 310 2609 Expositum
334 2526 456 2589 calcare
480 2525 586 2589 solum
608 2547 667 2588 nec
690 2531 833 2590 transeat
856 2548 1008 2621 amnem,

114 2613 348 2678 Incustoditam
371 2619 517 2678 metuens
540 2613 699 2700 attingere
722 2615 834 2698 ripam.

184 2702 307 2766 Celsior
331 2726 349 2766 o
374 2703 497 2766 cunctis
520 2702 640 2785 unique
664 2703 827 2786 aequande
852 2702 1014 2775 Camillo!
1096 2730 1146 2780 430

115 2790 243 2853 Vestris
266 2813 405 2874 namque
429 2792 526 2854 armis
549 2789 671 2854 Alarici
695 2793 797 2856 fracta
821 2793 946 2876 quievit

115 2876 164 2940 Ac
187 2878 307 2956 Brenni
330 2880 448 2965 rabies3
471 2879 614 2943 confusis
637 2880 734 2944 rebus
757 2884 892 2964 uterque

116 2966 268 3029 Divinam
291 2968 453 3032 tribuistis
478 2989 583 3053 opem,
608 2969 663 3031 sed
686 2969 808 3033 tardior
830 2970 886 3034 ille

117 3053 186 3118 Iam
210 3059 321 3138 captae
344 3057 461 3120 vindex
483 3057 620 3142 patriae,
643 3062 680 3120 tu
704 3058 836 3141 sospitis
859 3059 958 3125 ultor.

117 3141 144 3206 Ο
169 3148 325 3225 quantum
349 3149 473 3209 mutata
496 3149 553 3209 tuo
576 3146 707 3209 fortuna
730 3150 891 3232 regressu!
1093 3174 1144 3224 435

116 3231 161 3294 Vt
186 3253 254 3294 sese
278 3233 399 3315 pariter
422 3234 549 3297 diffudit
571 3234 606 3297 in
630 3235 737 3298 omnia
759 3236 851 3321 regni

117 3319 262 3383 Membra
285 3320 379 3406 vigor
401 3322 556 3404 vivusque
580 3322 663 3386 redit
687 3324 776 3387 color
798 3324 935 3388 urbibus
960 3333 1091 3417 aegris!

118 3408 266 3472 Creditur
289 3408 456 3473 Herculeis
479 3411 584 3474 lucem
607 3433 777 3475 renovasse
800 3412 930 3477 lacertis

116 3497 248 3562 Femina
272 3497 380 3561 dilecti
404 3499 480 3562 fatis
503 3498 648 3583 impensa
671 3500 788 3567 mariti.
