2392 3870
83 141 186 197 XXXII
350 140 635 198 ADNOTATIONES
653 140 833 199 CRITIGAE.

103 308 136 357 5⁶2
147 320 188 371 sq.
208 303 259 356 hos
278 318 376 356 versus
395 319 444 356 cur
462 301 692 371 transposuerim,
711 302 788 371 apud
807 303 937 359 Rittium
955 304 1091 359 indicatum

154 373 294 442 iuvenies3
315 376 344 426 et
361 373 426 426 vide
446 372 506 426 eius
524 372 646 428 indicem
666 372 718 426 sub
736 391 832 444 aequ.

85 444 285 567 1681111110νὶ
310 444 346 498 de
377 443 431 496 hoc
462 442 525 498 loco
557 442 593 498 cf.
626 459 699 512 quae
732 444 854 514 exposui
894 446 928 500 in
959 446 1090 516 Philologc

155 516 260 570 trux
286 514 324 568 IX
343 534 369 585 p.
387 519 447 569 669.

86 592 136 641 116
154 587 246 658 solvil]
261 586 315 640 hac
329 601 397 639 voce
411 585 570 654 complures
582 584 705 640 editores
718 600 830 640 necnon
843 585 997 643 etBirtius
1012 587 1091 642 offensi

157 660 222 711 sunt
241 659 270 710 ct
288 656 335 709 hic
354 656 467 724 quidem
481 657 559 711 alcis
575 672 637 710 esse
651 655 802 725 legendum
817 657 953 714 coniecit.
984 662 1091 713 attamen

155 730 235 785 solvil
253 726 344 782 teneri
362 741 446 796 posse
464 729 534 796 puto
552 742 616 779 cum
631 726 762 795 Gesnere,
781 726 833 794 qui
846 728 961 783 similia
974 729 1033 783 iam
1044 745 1091 783 con·

156 798 230 853 tulit.
264 798 359 853 confer
378 797 464 851 etiem
481 797 557 866 apud
570 799 696 851 nostrum
714 797 885 852 1111111646
904 801 1027 856 solvebat
1038 800 1090 856 colle

156 873 185 923 ct
203 868 341 939 imprimis
361 867 422 923 Stil.
442 868 498 920 119
524 869 605 923 choos
625 868 778 923 (llemcatio
799 870 891 925 solvit.
928 871 964 925 de
988 870 1090 925 lectione

39 994 43 1001 ,
157 941 250 994 autem
269 941 392 1008 faleratae
409 938 539 1020 quamvis
558 938 652 993 debile
678 937 717 993 sit
738 938 877 993 librorum
902 941 1089 1005 testimonium,

158 1010 299 1064 dubitatio
318 1026 425 1065 moveri
443 1008 549 1076 nequit.

87 1084 138 1133 166
156 1098 255 1149 sparsa
273 1081 385 1152 diversi]
408 1083 499 1150 sparsi
521 1081 616 1135 diuisa
633 1080 679 1133 11²
702 1082 732 1134 et
754 1079 874 1148 Bittius,
905 1084 986 1151 quod
1011 1098 1091 1153 parum

160 1150 248 1204 hebet
266 1150 459 1216 auctoritatis;
477 1154 569 1219 sparci
586 1153 698 1207 diuersa
715 1150 853 1222 plerique,
872 1154 953 1220 quod
972 1153 1021 1208 vix
1034 1152 1091 1207 suffi-

158 1220 265 1276 cienter
288 1221 424 1291 explicari
446 1224 554 1290 potest,
578 1239 648 1291 pars
670 1221 783 1277 accersi
805 1223 839 1278 dc
852 1224 938 1292 plebe
955 1225 1014 1293 Ψ,
1037 1238 1090 1292 quac

156 1293 243 1347 verba
262 1292 335 1346 sicut
353 1294 426 1360 sunt,
446 1308 514 1346 sane
533 1308 617 1346 seusu
636 1308 718 1346 cassa
736 1295 813 1362 sunt,
843 1294 896 1347 sed
915 1295 1044 1364 proxime
1058 1310 1090 1347 10-

158 1363 261 1418 cedunt
280 1363 316 1419 ad
335 1380 381 1430 ca,
405 1379 478 1431 quae
501 1362 616 1444 legebat
634 1362 665 1416 in
687 1362 784 1417 codiee
802 1363 949 1436 (eodeml)
967 1366 1090 1421 Vaticano

157 1434 298 1490 Livineius
322 1435 368 1504 (cf.
388 1434 543 1488 Burmanm
562 1433 605 1489 ed.
628 1453 655 1503 p.
672 1435 734 1505 196)
757 1450 887 1502 quaeque
913 1435 958 1490 111
983 1436 1092 1507 speciosi

157 1506 228 1560 mihi
255 1507 438 1575 videbantur,
471 1506 503 1558 ut
529 1504 622 1558 textui
649 1504 801 1559 insererem
829 1507 976 1575 (conferas
1005 1521 1092 1577 quaeso

157 1594 255 1645 spurce
273 1572 374 1633 cleers·
393 1593 456 1629 cum
475 1579 580 1657 (espace
593 1577 736 1644 odilwart
750 1577 791 1645 de,
810 1576 887 1646 quod
907 1577 1001 1633 habet
1013 1578 1065 1648 V¹).

89 1652 140 1701 166
158 1648 262 1718 velate]
283 1665 317 1702 ex
334 1647 387 1701 VP
404 1645 527 1715 restitui,
541 1649 617 1717 pisce
634 1648 726 1702 voluto
743 1663 795 1715 pro
816 1647 863 1700 ‘ea
880 1649 1009 1704 monstri
1021 1650 1093 1720 pute,

158 1734 232 1785 quae
245 1717 330 1787 piscis
346 1720 415 1785 erat,
433 1717 464 1771 in
478 1717 568 1773 altum
582 1718 686 1772 erecta'
706 1719 908 1786 interpretans,
942 1721 1000 1774 hoc
1012 1734 1093 1775 verum

158 1804 220 1841 esse
250 1788 394 1856 praeclare
422 1789 505 1843 decet
532 1787 708 1842 Monacensis
739 1787 791 1842 illa
821 1788 922 1858 imago
950 1803 1093 1846 marmores

159 1857 318 1912 clarissima
331 1857 483 1911 Nereidum
502 1859 532 1912 in
550 1859 684 1913 monstris
697 1857 813 1912 marinis
827 1859 1008 1931 vehentium,
1025 1876 1093 1930 qusu

159 1928 272 1997 quidem
305 1928 342 1981 ad
371 1928 490 1996 Scopam
521 1930 683 1984 referebant
713 1928 767 1983 viri
798 1929 884 1985 docti.
928 1931 1004 1987 haec
1035 1931 1094 1988 enin

159 2002 294 2068 monstra,
313 2001 346 2052 ut
364 1998 461 2053 sedere
479 1999 571 2069 possit
584 1999 691 2069 Nereis,
709 2001 819 2070 partem
834 2017 917 2054 suam
936 2001 1095 2072 pisccumiu

160 2070 249 2124 altum
271 2070 398 2125 volvunt.
436 2070 476 2124 sic
498 2070 587 2139 igitur
609 2072 696 2126 etiam
718 2070 801 2140 tigris
824 2071 895 2125 haec
916 2076 998 2142 pisce
1019 2075 1095 2131 alsa

160 2143 282 2197 sublevat
291 2140 449 2196 Nereidem.
475 2141 540 2196 vide
555 2142 642 2196 etiam
656 2141 825 2212 sarcophagi
838 2142 1021 2212 sculpturam
1034 2141 1095 2214 apud

159 2210 258 2265 Clarae
276 2212 346 2266 Mus.
365 2211 406 2266 Pl.
421 2212 446 2265 ΙΙ
461 2217 526 2278 108;
546 2212 609 2267 alia.

90 2286 142 2335 166
162 2283 287 2355 onerant]
307 2289 409 2338 crearet
426 2283 469 2337 Bi.
489 2299 522 2337 ex
542 2285 573 2349 ἔς
600 2283 672 2337 illud
694 2285 791 2336 tamen
813 2284 972 2339 tenendum
990 2288 1059 2356 puto
1076 2284 1096 2337 et

161 2352 356 2423 accipiendum
374 2370 424 2422 pro
445 2353 603 2423 ‘splendide
623 2359 652 2409 et
668 2353 878 2423 supermodum
893 2354 1017 2410 donars'
1032 2357 1097 2412 ale·

158 2426 287 2480 eclrlltea.
320 2425 419 2480 eodem
438 2442 551 2493 prorsus
570 2442 653 2479 sensu
670 2425 724 2479 hoc
742 2424 828 2480 verbo
846 2423 890 2477 uti
907 2426 985 2481 solet
1004 2427 1096 2490 Livius.

159 2496 194 2549 cf.
210 2511 233 2550 e.
249 2513 275 2565 g.
291 2496 395 2550 XXXV
410 2501 453 2563 11,
469 2500 501 2549 16
521 2498 550 2549 01
567 2512 640 2563 quse
654 2495 695 2550 ihi
711 2495 836 2563 conlegit
848 2495 1097 2554 Weissenboruius.

90 2571 141 2620 167
160 2567 318 2637 Psamathe]
344 2566 463 2632 Bittius3
490 2569 599 2638 pigmen
621 2566 687 2633 VP,
714 2567 820 2636 Spatale
842 2565 961 2635 reliqui,
990 2583 1098 2637 quorum

159 2640 289 2690 neutrum
307 2653 410 2691 nornen
429 2638 473 2691 est
489 2636 627 2692 Nereidis.
660 2637 745 2690 lectio
765 2637 911 2692 Psamalte
938 2638 978 2691 ad
997 2639 1098 2694 11111111

160 2706 281 2760 traditas
306 2707 421 2777 propius
445 2708 556 2761 accedit
579 2725 663 2776 qnam
682 2709 806 2778 Panope,
835 2709 908 2776 quod
934 2708 1099 2780 excogitavit

159 2777 278 2847 Ieepius.
315 2778 407 2832 fateor
432 2780 529 2832 tamen
552 2796 597 2833 me
619 2779 669 2831 diu
694 2778 820 2832 haesisse
847 2777 1046 2849 dubitantem,
1071 2795 1099 2832 sn

160 2849 235 2901 hunc
258 2847 288 2901 in
306 2849 421 2902 modum
444 2848 583 2917 corrigere
606 2851 705 2904 liceret
727 2849 848 2904 uomina.
882 2848 1056 2905 Skutschius
1075 2850 1099 2902 ut

162 2919 192 3000 in
210 2918 323 2973 nomine
342 2921 416 2975 Dete
433 2938 460 2975 v.
476 2926 527 2973 169
547 2920 722 2974 allusionem
738 2920 882 3010 guardam
904 2920 942 3002 ad
961 2923 1045 2993 dore,
1067 2920 1100 2974 its

90 3065 143 3115 190
161 2991 1008 3131 cliirsiiyc'cimliiscaicghiraeihirlitriroegilitgizeogwrignriiilliwtiiibati
1036 3063 1100 3118 sunt.

160 3132 255 3185 Venus
283 3150 380 3202 cpmea
406 3149 486 3187 erasm
513 3134 642 3200 adfatur,
672 3133 726 3186 hoc
757 3149 859 3203 agmen
889 3132 1047 3202 praecipue
1073 3132 1100 3185 de

162 3201 311 3256 Amoribus
326 3202 570 3272 interpretandum
585 3219 645 3257 esse
658 3204 747 3272 patet,
763 3221 881 3271 quorum
895 3219 1032 3259 numerus
1046 3218 1101 3259 cum

159 3272 1100 3346 paenemillenariusesset,eertepraevalebatGratiisetNymphis.

161 3343 195 3399 cf.
216 3343 303 3396 etiam
321 3364 346 3399 v.
363 3349 414 3397 153
433 3345 670 3415 Prosequitur...
686 3346 830 3400 comitatus
847 3345 991 3400 Amorum.

91 3419 144 3468 243
162 3414 252 3486 eredo]
268 3414 451 3484 gravissimus
465 3414 548 3469 huius
563 3415 694 3470 lectionis
708 3415 790 3470 testis
805 3417 849 3470 est
858 3417 892 3483 P;
907 3415 1008 3484 itaque
1022 3416 1101 3472 etism

161 3486 196 3539 de
211 3484 245 3554 V,
265 3486 357 3553 quiin
370 3485 415 3539 hir
430 3486 556 3540 versibus
576 3486 680 3555 deficit,
700 3486 908 3541 conclusionem
922 3487 1019 3542 lacere
1033 3487 1101 3543 licet
