2392 3870
135 128 200 193 130
458 125 605 181 CLAVDII
623 124 820 180 CLAVDIANI

468 360 816 434 PANEGYRIOVS.

584 496 697 567 (1111.)

201 605 276 691 Ipsa
299 606 428 690 quidem
450 605 565 670 Virtus
587 607 729 689 pretium
751 607 823 692 sibi,
847 607 978 690 solaque
1002 608 1070 672 late

131 694 295 760 Fortunae
319 716 430 758 secura
452 695 535 759 nitet
557 716 616 758 nec
638 694 781 759 fascibus
804 695 881 758 ullis

133 784 282 870 Erigitur
304 783 459 867 plausuve
482 783 565 867 petit
589 782 761 847 clarescere
784 784 882 869 vulgi.

133 872 192 937 Nil
215 873 286 956 opis
310 876 458 936 externae
482 872 623 956 cupiens,
645 872 692 935 nil
715 873 825 958 indiga
848 873 962 958 laudiS,

133 961 266 1026 Divitiis
289 961 434 1024 animosa
458 961 524 1023 suis
547 961 734 1043 inmotaque
758 961 881 1025 cunctis
1137 984 1155 1032 5

134 1050 270 1115 Casibus
293 1071 332 1113 ex
355 1049 421 1112 alta
443 1049 594 1113 mortalia
618 1048 752 1132 despicit
776 1071 855 1113 arce.

131 1139 286 1204 Attamen
308 1138 443 1202 invitam
466 1137 582 1201 blande
605 1137 745 1224 vestigat
769 1141 800 1201 et
823 1138 910 1201 ultro

131 1227 246 1293 Ambit
268 1226 395 1291 Honor:
419 1225 528 1290 docuit
550 1225 671 1290 totiens
694 1226 734 1289 ad
757 1248 832 1290 rura
855 1226 1019 1310 profectus

131 1318 243 1382 Lictor
266 1316 355 1380 etin
377 1315 491 1379 mediis
515 1314 628 1379 consul
650 1315 815 1398 quaesitus
839 1316 963 1379 aratris.

134 1406 178 1471 Te
202 1426 330 1490 quoque
351 1407 487 1469 naturae
511 1403 610 1467 sacris
633 1404 807 1487 mundique
829 1408 1005 1489 vacantem,
1116 1427 1153 1476 10

131 1495 313 1560 Emeritum
335 1493 459 1576 pridem
483 1491 709 1575 desudatisque
732 1497 891 1556 remotum

130 1583 262 1648 Iudiciis
286 1582 395 1646 eadem
418 1603 547 1646 rursum
570 1581 736 1664 complexa
758 1585 904 1665 potestas

130 1672 249 1736 Evehit
273 1675 305 1734 et
328 1670 475 1735 reducem
496 1669 584 1734 notis
607 1669 745 1753 imponit
768 1669 911 1734 habenis.

129 1759 297 1824 Accedunt
319 1760 462 1824 trabeae:
484 1759 533 1823 nil
554 1759 628 1843 iam,
651 1758 826 1844 Theodora
849 1758 1006 1844 relictum,

132 1847 202 1925 Quo
225 1848 329 1911 virtus
353 1848 460 1911 animo
484 1851 605 1911 crescat
627 1847 679 1910 vel
703 1847 854 1931 splendor
876 1848 999 1911 honori.
1115 1871 1150 1919 15

131 1936 266 2001 Oulmen
287 1940 460 2019 utrumque
482 1941 581 2000 tenes.

623 2022 733 2089 Talem
755 2029 789 2089 te
811 2025 960 2107 protinus
984 2027 1060 2091 anni

128 2114 320 2178 Formavere
343 2110 447 2196 rudes,
470 2115 502 2176 et
525 2111 658 2199 dignum
680 2113 747 2178 vita
771 2113 874 2177 curuli

130 2201 256 2267 Struxit
278 2202 340 2265 iter
362 2200 547 2284 primaeque
571 2221 662 2265 senes
686 2223 807 2266 cessere
828 2201 984 2267 iuventae.

128 2290 198 2357 Iam
220 2295 291 2355 tum
315 2289 447 2354 canities
470 2289 578 2375 animi,
599 2289 664 2353 iam
688 2290 779 2354 dulce
801 2289 954 2374 loquendi

128 2381 260 2446 Pondus
284 2384 317 2444 et
339 2378 496 2444 attonitas
520 2400 624 2443 sermo
648 2379 703 2462 qui
728 2380 856 2443 duceret
880 2401 981 2444 aures.
1110 2402 1149 2452 ao

128 2469 206 2535 Mox
228 2470 348 2535 undare
371 2468 443 2532 foro
465 2467 582 2532 victrix
606 2467 771 2551 opulentia
793 2467 922 2554 linguae

128 2558 304 2642 Tutarique
327 2579 408 2621 reos.
454 2555 530 2640 Ipsa
552 2556 630 2621 hacc
653 2557 852 2640 amplissima
876 2557 965 2621 sedes

129 2646 282 2712 Orantem
306 2646 440 2731 stupuit,
462 2645 514 2710 bis
536 2645 707 2710 laudatura
729 2648 901 2732 regentem.

128 2734 214 2799 Hinc
236 2739 269 2799 te
291 2755 366 2818 pars
388 2734 510 2818 Libyae
533 2733 752 2799 moderantem
773 2734 845 2798 iura
867 2734 1026 2820 probavit,

129 2822 216 2900 Quae
238 2845 324 2887 nunc
346 2826 417 2887 tota
438 2823 569 2908 probat3
592 2823 683 2910 longi
707 2823 762 2887 scd
784 2823 903 2910 pignus
926 2824 1045 2888 amoris
1105 2844 1145 2892 25

127 2912 274 2998 Exiguae
296 2933 446 2996 peperere
469 2933 578 2975 morae
599 2912 820 2995 populumque
843 2912 992 2976 clientem

125 3000 261 3065 Publica
284 3000 444 3065 mansuris
467 3003 628 3065 testantur
650 3000 784 3069 vocibus
807 3022 889 3066 aera.

126 3087 204 3153 Inde
226 3089 289 3154 tibi
311 3088 473 3153 Macetum
495 3089 594 3153 tellus
618 3093 650 3152 et
673 3088 792 3153 credita
814 3089 924 3154 Pellae

127 3178 265 3264 Moenia,
288 3200 370 3261 quae
393 3178 534 3242 famulus
558 3177 719 3260 quondam
742 3177 858 3243 ditavit
879 3176 1062 3263 Hydaspes3

127 3266 292 3351 Tantaque
316 3267 504 3330 commissae
527 3266 685 3332 revocasti
708 3267 825 3354 gaudia
847 3267 937 3353 genti
1027 3264 1032 3270 ’
1105 3286 1144 3335 30

201 3430 217 3477 8
237 3424 273 3477 ad
292 3440 357 3477 rura
389 3439 407 3477 a
424 3439 496 3477 rure.
590 3429 622 3478 15
641 3424 753 3495 honori]
768 3425 893 3494 Bautae
911 3424 1023 3480 honore.

200 3501 233 3551 18
253 3494 361 3551 Struxit
392 3511 454 3568 epo;
472 3493 567 3549 traxit.
