2392 3870
98 168 198 239 (XXI.)
212 165 262 219 DE
278 162 494 219 CONSVLATV
509 162 734 220 STILICHONIS
749 163 859 218 LIBER
872 163 1020 220 PRIMVS.
1058 162 1120 227 141

104 330 184 394 Sors
207 327 268 390 ulli
291 348 441 391 concessa
464 326 543 391 viro.
581 325 683 404 Quem
705 327 816 392 vultus
838 326 1000 412 honestat,

105 417 309 481 Dedecorant
332 437 451 501 mores3
475 416 601 479 animus
625 438 721 498 quem
743 415 910 500 pulchrior
933 419 1036 501 ornat,

109 506 234 589 Corpus
258 503 412 568 destituit.
449 503 551 569 Bellis
574 504 734 590 insignior
756 504 821 590 ille,

105 594 170 659 Sed
193 614 303 677 pacem
325 592 434 657 foedat
457 592 554 657 vitiis.
600 592 663 658 Hic
686 593 816 677 publica
838 592 926 679 felix,

108 682 171 748 Sed
192 682 318 766 privata
340 681 456 746 minus,
493 681 668 768 Partitum3
692 682 820 768 singula
844 703 1003 764 quemque
1088 698 1123 745 30

107 770 305 837 Nobilitant:
332 770 420 834 hunc
442 770 547 834 forma
570 771 698 857 decens,
724 771 811 835 hunc
834 771 935 835 robur
958 770 993 834 in
1016 769 1122 855 armis,

106 860 202 924 Hunc
225 859 323 946 rigor,
345 859 432 923 hunc
454 859 567 945 pietas,
590 859 684 924 illum
707 858 852 924 sollertia
874 858 964 945 iuris,

106 949 202 1013 Hunc
226 949 356 1013 suboles
380 948 524 1032 castique
548 948 621 1013 tori.
659 947 864 1035 Sparguntur
886 948 921 1013 in
944 970 1064 1034 omme,

106 1037 146 1102 ln
168 1041 200 1103 te
223 1039 325 1102 mixta
349 1037 468 1123 fluunt3
492 1041 524 1101 et
548 1060 629 1121 quae
653 1037 755 1102 divisa
777 1037 891 1102 beatos

105 1126 274 1212 Efficiunt‚
298 1125 433 1190 collecta
456 1129 554 1191 tenes.
1088 1141 1123 1191 35

594 1213 645 1279 Ne
668 1215 754 1278 facta
777 1215 941 1278 revolvam

106 1303 323 1387 Militiamque
345 1303 457 1388 patris,
480 1303 570 1367 cuius
594 1303 768 1387 producere
791 1303 920 1388 famam,

107 1392 143 1457 Si
165 1392 250 1456 nihil
272 1391 391 1478 egisset
415 1392 536 1456 clarum
558 1414 618 1456 nec
640 1392 704 1456 fida
726 1391 858 1456 Valenti

107 1481 249 1545 Dextera
272 1480 416 1545 duxisset
439 1481 610 1545 rutilantes
634 1481 777 1545 crinibus
801 1481 878 1565 alas,

108 1569 278 1636 Sufficeret
300 1573 398 1634 natus
421 1569 572 1635 Stilicho:
595 1592 686 1634 mens
710 1569 809 1633 ardua
833 1590 957 1653 semper

107 1657 139 1722 A
161 1681 271 1745 puero,
293 1660 476 1742 tenerisque
499 1658 597 1723 etiam
619 1659 767 1744 fulgebat
790 1658 825 1722 in
847 1657 940 1722 annis
1088 1673 1123 1724 40

108 1747 271 1812 Fortunae
294 1747 426 1812 maioris
448 1747 562 1811 honos.
598 1746 736 1811 Erectus
760 1751 792 1812 et
816 1768 888 1810 acer

107 1835 167 1901 Nil
188 1836 285 1899 breve
307 1836 425 1921 moliri,
446 1835 546 1900 nullis
568 1835 699 1900 haerere
722 1839 893 1920 potentum

108 1923 290 1987 Liminibus
313 1923 454 2007 fatisque
476 1923 567 2007 loqui
589 1923 654 1988 iam
677 1924 774 2011 digna
797 1924 925 1989 futuris.

108 2011 179 2076 Iam
201 2015 271 2076 tum
295 2011 496 2098 conspicuae,
519 2012 584 2076 iam
606 2017 677 2078 tum
699 2014 891 2079 venerabilis
914 2013 986 2078 ibas

109 2100 359 2184 Spondebatque
383 2101 495 2166 ducem
518 2101 596 2166 celsi
617 2102 706 2167 nitor
728 2103 842 2189 igneus
867 2103 932 2168 oris
1090 2118 1124 2167 45

108 2189 392 2273 Membrorumque
415 2191 539 2277 modus,
562 2192 691 2276 qualem
713 2214 772 2257 nec
796 2193 937 2257 carmina
960 2192 1088 2277 fingunt

109 2278 273 2344 Semideis.
311 2278 517 2364 Quacumque
540 2282 605 2345 alte
629 2280 807 2368 gradereris
831 2281 866 2345 in
887 2280 976 2365 urbe,

109 2367 265 2433 Cedentes
288 2368 402 2452 spatiis
425 2370 698 2456 adsurgentesque
721 2369 852 2432 videbas

110 2455 263 2532 Quamvis
285 2458 378 2522 miles
401 2457 513 2522 adhuc.
550 2457 654 2522 Taciti
677 2457 831 2542 suffragia
853 2454 944 2540 vulgi

108 2543 178 2609 Iam
200 2545 263 2608 tibi
285 2546 476 2630 detulerant,
500 2545 655 2629 quidquid
678 2566 753 2608 mox
777 2542 887 2607 debuit
911 2541 993 2605 aula.
1089 2557 1123 2607 50

175 2633 241 2698 Vix
264 2634 446 2716 primaevus
469 2654 549 2717 eras,
572 2633 661 2717 pacis
685 2653 758 2695 cum
780 2630 919 2695 mitteris
943 2633 1055 2694 auctor

108 2720 276 2806 Assyriae3
299 2723 391 2784 tanta
414 2719 527 2784 foedus
551 2741 624 2784 eum
647 2722 742 2806 gente
765 2718 861 2784 ferire

111 2809 327 2875 Commissum
349 2807 465 2872 iuveni.
502 2807 626 2894 Tigrim
648 2811 870 2895 transgressus
894 2811 926 2874 et
949 2807 1052 2872 altum

110 2899 301 2984 Euphraten
322 2897 492 2981 Babylona
514 2897 607 2980 petis.
645 2896 802 2980 Stupuere
827 2897 928 2961 severi

110 2987 306 3052 Parthorum
328 3008 486 3071 proceres,
509 2990 541 3050 et
564 2986 656 3070 plebs
679 2985 865 3070 pharetrata
888 2985 1016 3050 ridendi
1088 3002 1122 3052 ⁶5

109 3075 277 3163 Flagravit
300 3075 417 3161 studio,
440 3075 624 3158 defixaeque
646 3074 776 3159 hospite
798 3074 934 3159 pulchro

110 3165 258 3230 Persides
281 3186 433 3230 areanum
456 3164 655 3249 suspiravere
679 3164 825 3229 calorem.

111 3253 206 3318 Turis
230 3253 380 3318 odoratae
404 3253 540 3319 cumulis
564 3258 596 3318 et
618 3274 722 3319 messe
744 3250 868 3318 Sabaea

111 3341 228 3406 Pacem
251 3343 423 3407 conciliant
446 3365 532 3427 arae3
555 3341 775 3426 penetralibus
797 3341 906 3428 ignem

112 3430 281 3496 Sacratum
303 3453 436 3516 rapuere
460 3432 566 3516 adytis
588 3431 718 3516 rituque
740 3430 897 3497 iuuencos
1100 3442 1141 3486 aa

113 3519 272 3585 Chaldaeo
294 3524 437 3587 stravere
459 3521 558 3612 magi.
595 3521 671 3590 Rex
692 3521 769 3610 ipse
789 3520 982 3589 micantem
