2392 3870
263 109 331 180 (ΙΙΙ.)
350 109 391 165 IN
409 109 579 168 RVFINVM
597 109 707 163 LIBER
725 109 870 167 PRIMVS.
1035 110 1076 174 13

61 272 184 358 Mugiit
207 275 240 336 et
262 275 351 336 totos
375 275 560 356 serpentum
583 272 685 336 erexit
707 271 818 336 hiatus

59 360 233 443 Noxiaque
256 360 369 424 effudit
392 381 548 424 concusso
573 361 660 424 crine
682 383 811 426 venena.

59 448 189 533 Anceps
212 453 320 513 motus
344 453 413 513 erat
436 449 535 535 vulgi.
581 449 661 513 Pars
684 450 825 513 maxima
848 449 970 514 bellum

60 536 180 602 Indicit
203 538 337 622 superis
359 559 435 622 pars
458 538 546 601 Ditis
570 537 641 601 iura
663 542 800 624 veretur,

60 626 282 709 Dissensuque
305 626 405 690 alitur
427 649 549 690 rumor:
574 648 631 690 ceu
653 631 833 691 murmurat
856 627 916 691 alti
1042 646 1076 694 '10

60 714 225 799 Impacata
248 715 339 799 quies
361 715 479 801 pelagi,
503 737 575 779 cum
598 715 727 779 flamine
750 717 854 780 fracto

60 804 166 868 Durat
189 805 292 869 adhue
316 804 482 887 saevitque
509 808 618 868 tumor
646 803 843 887 dubiumque
870 827 928 889 per
951 810 1077 870 aestum

61 892 163 956 Lassa
185 893 363 957 recedentis
386 893 518 956 fluitant
540 893 679 979 vestigia
702 894 799 977 venti.

128 980 281 1066 Improba
303 1004 378 1046 mox
402 981 508 1067 surgit
531 981 621 1045 tristi
644 981 682 1045 de
706 982 779 1046 sede
802 981 960 1068 Megaera.

62 1069 165 1145 Quam
187 1093 285 1155 penes
308 1070 415 1134 insani
437 1070 587 1133 fremitus
610 1070 774 1153 animique
796 1071 952 1154 profanus
1043 1087 1076 1136 uc

59 1159 163 1223 Error
186 1164 218 1223 et
240 1159 398 1223 undantes
422 1159 546 1243 spumis
569 1159 742 1223 furialibus
766 1159 845 1224 irae:

60 1247 139 1311 Non
160 1248 226 1312 nisi
249 1248 431 1330 quaesitum
455 1252 593 1333 cognata
616 1248 710 1312 caede
734 1269 880 1311 cruorem

60 1334 267 1401 Inlicitumve
289 1336 384 1422 bibit,
405 1337 532 1419 patrius
556 1358 651 1419 quem
674 1335 794 1399 finderit
822 1336 918 1422 ensis,

62 1423 166 1499 Quem
189 1425 334 1489 dederint
356 1425 487 1510 fratres3
510 1424 589 1488 haec
610 1424 728 1488 terruit
750 1423 902 1488 Herculis
926 1445 982 1487 ora

60 1512 107 1576 Et
131 1513 313 1578 defensores
335 1517 495 1577 terrarum
516 1512 637 1596 polluit
659 1535 762 1596 arcus,
1043 1527 1078 1578 80

60 1600 152 1666 Haec
173 1601 407 1667 Athamanteae
431 1602 550 1665 direxit
574 1601 698 1684 spicula
722 1601 861 1685 dextrae,

61 1688 153 1755 Haec
175 1689 449 1776 Agamemnonios
472 1691 558 1754 inter
580 1690 737 1753 bacchata
758 1693 891 1773 penates

62 1776 210 1843 Alternis
233 1779 313 1843 lusit
335 1779 471 1866 iugulis3
494 1778 555 1843 hae
579 1779 708 1862 auspice
731 1779 843 1843 taedae

63 1864 252 1951 Oedipoden
273 1868 380 1953 matri,
400 1872 497 1932 natae
520 1867 653 1931 iunxere
676 1866 846 1950 Thyesten.

63 1952 153 2029 Quae
175 1960 253 2019 tunc
275 1956 455 2021 horrisonis
479 1957 595 2020 effatur
617 1955 697 2019 talia
721 1957 829 2020 dictis:
1044 1973 1078 2021 85

133 2044 250 2130 ‘Signa
273 2045 411 2131 quidem,
434 2045 550 2130 sociae,
573 2045 665 2108 divos
689 2045 838 2109 attollere
862 2049 974 2108 contra

61 2130 135 2196 Nee
157 2133 207 2196 fas
231 2138 279 2198 est
301 2155 360 2197 nec
382 2155 478 2218 posse
501 2154 586 2217 reor3
610 2133 667 2196 sed
688 2133 813 2197 laedere
835 2133 991 2198 mundum

62 2219 102 2285 Si
126 2221 207 2285 libet
230 2226 262 2285 et
284 2222 414 2306 populis
438 2244 607 2287 commune
630 2221 795 2286 intendere
817 2221 927 2286 letum.

62 2308 128 2374 Est
150 2310 232 2373 mihi
254 2310 439 2396 prodigium
463 2310 588 2375 cunctis
612 2310 774 2374 inmanius
798 2310 920 2395 hydris,

64 2396 199 2484 Tigride
221 2398 376 2463 mobilius
399 2401 480 2484 feta,
502 2398 678 2462 violentius
701 2397 833 2462 Austris
1045 2415 1079 2464 90

62 2483 220 2573 Acribus,
242 2487 359 2570 Euripi
382 2488 481 2552 fulvis
505 2487 659 2550 incertius
682 2486 777 2550 undis

62 2573 217 2662 Rufinus,
240 2597 336 2659 quem
357 2576 463 2660 prima
485 2596 558 2639 meo
581 2575 620 2639 de
642 2579 745 2640 matre
768 2575 934 2638 cadentem

65 2660 202 2748 Suscepi
224 2664 356 2750 gremio.
400 2665 526 2729 Parvus
548 2663 689 2747 reptavit
713 2663 748 2726 in
770 2663 835 2727 isto

64 2748 169 2837 Saepe
192 2752 265 2816 sinu
287 2756 462 2836 teneroque
484 2774 542 2836 per
565 2752 664 2816 ardua
687 2751 771 2815 oolla
793 2752 924 2816 volutus

62 2839 175 2905 Vbera
197 2840 358 2924 quaesivit
380 2843 459 2906 fletu
481 2841 668 2927 linguisque
690 2839 835 2904 trisulcis
1046 2857 1080 2905 eo

63 2928 181 2993 Mollia
202 2930 382 2993 lambentes
404 2931 567 2994 finxenmt
589 2929 734 2993 membra
757 2933 911 3014 cerastae3

62 3017 182 3101 Meque
205 3017 303 3082 etiam
324 3018 471 3082 tradente
495 3017 586 3082 dolos
610 3021 759 3100 artesque
780 3018 917 3082 nocendi

62 3105 223 3171 Edidicit:
247 3106 399 3170 simulare
422 3107 519 3171 fidem
541 3128 717 3188 sensusque
740 3106 881 3171 minaces

62 3194 240 3282 Protogene
262 3199 295 3259 et
318 3195 437 3260 blando
460 3195 606 3259 fraudem
628 3199 813 3278 praetexere
836 3196 915 3281 risu,

63 3282 187 3348 Plenus
210 3283 364 3349 saevitiae
385 3284 532 3366 lucrique
555 3283 705 3368 cupidine
727 3284 862 3348 fervens.
1030 3300 1080 3349 100

63 3371 143 3437 Non
165 3371 361 3437 Tartesiacis
384 3371 477 3436 illum
501 3372 634 3436 satiaret
657 3372 787 3436 harenis

61 3460 253 3546 Tempestas
275 3460 420 3545 pretiosa
442 3461 537 3547 Tagi,
559 3483 625 3525 non
649 3464 764 3546 stagna
787 3461 934 3526 rubentis
