2438 3878
367 159 652 216 ADNOTATIONES
671 160 847 218 CRITIGAE.
1040 164 1118 218 XXV

172 317 262 375 verba
280 319 355 374 enim
373 335 446 388 quae
466 322 531 374 sunt
548 321 638 376 Arma
656 324 741 390 oderi,
760 323 830 392 supa
844 323 986 392 praesidio
1005 339 1061 377 non
1075 322 1117 376 in·

172 391 359 460 compositam
371 389 580 460 repetitionem,
596 391 670 445 siout
683 391 886 447 animadvertit
899 392 950 460 Bi,
965 393 1014 448 sed
1028 393 1117 448 totius

172 461 343 529 sententiae,
371 476 429 530 qua
456 461 491 516 de
519 464 663 516 armatura
689 467 719 516 et
740 463 888 534 pugnandi
915 464 1118 518 consuetudine

170 533 335 588 Maurorum
362 532 513 602 agebatur,
545 533 627 601 quasi
660 533 869 588 conclusionem
900 551 957 588 non
989 534 1117 604 ineptam

171 603 316 659 continere
336 602 468 672 equidem
491 619 599 658 censeo.
632 605 722 659 Arma
745 606 840 658 autem
863 603 928 659 telis
951 605 1117 674 iaculisque,

170 675 227 730 hoc
245 676 290 730 est
307 673 364 728 levi
383 676 544 727 armaturae
567 674 700 744 opposita
723 691 784 729 esse
807 678 956 731 memento.
996 677 1118 744 denique

172 744 248 799 libro
260 745 330 799 V—
344 744 413 798 licet
427 743 550 814 optimus
566 745 646 799 sit-
657 745 746 800 multo
760 745 898 800 minorem
912 746 997 800 fidem
1010 746 1116 800 haben-

171 817 238 869 dam
257 832 318 870 esse
335 815 366 868 in
382 814 511 869 versibus
534 817 564 869 et
583 815 647 870 aliis
671 818 699 871 et
720 817 764 870 his
787 816 857 886 ipsis
877 816 950 871 Gild.
965 823 1117 872 sao-445

171 886 248 940 infra
265 886 302 941 ad
320 886 454 941 Fescenn.
470 891 494 952 1,
509 890 526 938 3
546 886 674 956 pluribus
694 887 902 943 demonstrabo.

94 963 150 1014 473
170 973 314 1083 {³1oesz
331 963 382 1039 out
398 957 481 1028 otoo]
502 973 565 1010 cum
584 958 697 1028 optimis
716 957 796 1012 libris
815 958 894 1014 VPC
913 958 1114 1013 consentienti-

190 1045 224 1081 us
241 1044 271 1082 re
286 1045 354 1083 mur.

96 1105 152 1155 488
171 1101 265 1154 totum
285 1115 393 1154 versum
412 1099 465 1154 VP
484 1099 597 1153 secutus
616 1098 702 1169 edidi,
721 1115 784 1153 cum
802 1098 906 1167 reliqui
924 1099 991 1152 libri
1005 1099 1116 1168 legant:

171 1170 285 1226 ‘Solvite
294 1172 360 1238 iam,
373 1171 462 1237 aocii’,
476 1171 599 1225 clamant
613 1170 674 1225 ‘out
686 1172 803 1240 rumpite
815 1171 931 1239 fuaem',
945 1172 1021 1238 quod
1035 1187 1116 1240 prae·

169 1239 240 1295 tulit
257 1239 363 1294 Birtius
377 1244 407 1295 et
420 1239 633 1296 festinationem
647 1240 855 1295 classiariorum
869 1241 964 1295 verbis
979 1241 1080 1298 Solvite
1091 1285 1115 1297 ..

169 1318 221 1367 out
242 1314 361 1381 rumpite
383 1311 528 1380 praeclare
556 1310 717 1382 depinctam
746 1328 808 1366 esse
836 1314 973 1367 autumat.
1010 1328 1063 1381 ego
1086 1312 1117 1364 in

171 1382 329 1437 contrarias
355 1385 452 1452 partes
481 1381 595 1451 transii,
623 1399 687 1436 cum
716 1381 820 1437 debilis
842 1381 937 1451 potius
961 1399 994 1436 ac
1016 1399 1117 1450 parum

169 1455 239 1522 apta
252 1453 324 1506 haec
336 1453 468 1522 gradatio
483 1469 545 1507 esse
559 1451 698 1521 nimisque
713 1451 900 1521 glossatorem
913 1451 944 1504 in
956 1452 1117 1521 synonymis

171 1524 317 1578 ludentem
330 1527 453 1593 resipere
467 1523 539 1578 mihi
553 1523 667 1592 quidem
680 1522 832 1578 videretur.
866 1524 965 1576 contra
979 1522 1010 1576 in
1023 1522 1117 1577 verbis

170 1594 207 1648 ab
226 1611 293 1650 mss.
312 1594 367 1648 VP
386 1593 500 1648 traditis
520 1594 693 1663 anaphoram
712 1594 855 1648 efficacem
874 1596 903 1648 et
920 1596 1008 1663 pocta
1020 1596 1118 1648 nostro

169 1681 237 1720 vere
256 1665 371 1735 dignam
390 1664 563 1734 agnoverim.

476 1825 516 1891 ln
537 1825 742 1910 Eutropium.

103 1948 310 2019 levamque]
330 1963 426 2003 omnes
444 1947 511 2002 libri
528 1948 641 2017 praeter
661 1947 695 2015 B,
719 1947 799 2001 euius
817 1947 968 2002 lectionem
987 1949 1118 2016 Musaque

168 2017 212 2074 Bi.
235 2017 369 2088 probavit
391 2021 421 2073 et
443 2017 602 2087 adsumpsit
620 2017 684 2073 coll.
704 2017 790 2071 Plinii
807 2018 880 2073 Hist.
901 2020 967 2074 Nat.
987 2019 1013 2071 II
1029 2035 1051 2073 c.
1068 2024 1114 2085 993

168 2089 221 2143 sed
238 2089 315 2144 idem
334 2090 411 2144 locus
425 2089 572 2142 Plinianus
592 2089 674 2144 docet
692 2088 723 2141 in
740 2088 843 2142 talium
858 2088 1053 2158 prodigiorum
1068 2089 1116 2142 de·

169 2159 324 2229 scriptione
345 2160 460 2215 verbum
475 2159 594 2214 ‘uidere’
610 2175 782 2230 magnopere
796 2159 933 2213 usitatum
949 2176 1010 2214 esse
1024 2174 1117 2227 neque

169 2230 327 2300 igiturest,
342 2249 391 2286 our
404 2230 540 2286 librorum
555 2247 722 2285 consensum
736 2230 794 2285 fere
809 2230 933 2284 omnium
946 2247 1115 2285 recusemus.

168 2304 295 2356 cetemm
317 2301 406 2356 Iulius
430 2301 594 2370 Obsequere
611 2307 660 2356 31:
688 2303 813 2357 interdiu
835 2305 917 2357 ctiam
939 2303 1012 2357 duae
1035 2303 1119 2356 torrae

166 2375 259 2442 ciaon
277 2375 308 2427 et
325 2372 431 2427 similia
448 2373 525 2426 idem
544 2373 664 2441 saepius.

112 2450 149 2500 13
168 2443 428 2514 interpunctionem
445 2445 511 2514 post
528 2445 607 2511 fibris
624 2460 642 2497 a
660 2442 751 2496 Birtio
771 2444 800 2496 et
818 2442 992 2496 Mommseno
1015 2457 1117 2510 propo·

170 2513 257 2569 sitam
276 2530 344 2568 cave
362 2531 398 2568 ne
416 2515 543 2583 sequaris
562 2513 666 2583 etipse
680 2513 723 2568 Bi.
738 2513 809 2567 bene
825 2513 907 2568 cavit.
941 2513 1027 2566 verba
1042 2512 1117 2566 enim

167 2601 241 2654 qnae
260 2588 326 2639 sunt
346 2585 421 2655 Quae
438 2603 511 2641 uoco
524 2586 694 2654 portendant
716 2586 810 2654 superi
833 2584 870 2636 ad
894 2582 950 2638 tria
972 2583 1024 2638 illa
1044 2600 1117 2651 quae

169 2657 346 2726 praecedunt
363 2655 520 2725 enuntiata,
538 2671 595 2709 non
613 2655 650 2710 ad
667 2672 765 2710 uocem
784 2656 863 2722 orsos
882 2656 971 2708 solam
985 2655 1120 2723 adposita

168 2743 232 2782 esse
252 2726 312 2781 sine
332 2725 511 2787 dubitatione
530 2728 678 2782 contendo.
709 2742 793 2796 porro
809 2724 989 2794 aequabilem
1004 2727 1116 2778 senten-

167 2797 274 2852 tiarum
292 2796 406 2851 illarum
424 2797 661 2852 constructionem
680 2799 743 2865 quis
761 2799 878 2865 tangere
898 2797 1019 2850 audeat?

112 2875 150 2924 ab
168 2869 258 2939 diros]
289 2867 324 2921 de
351 2867 405 2922 hoc
432 2867 495 2923 loco
527 2867 592 2923 vide
624 2885 697 2936 quac
729 2867 846 2938 exposui
880 2866 937 2920 ‘De
971 2865 1116 2921 codicibus

168 2938 341 2994 (tuiaoianis'
361 2956 389 3007 p.
405 2942 448 2993 58.

112 3015 148 3064 28
167 3010 216 3067 Sic
233 3012 327 3066 arnoia
343 3011 433 3080 nobie]
454 3009 489 3064 cf.
504 3008 610 3062 ibidem
628 3027 655 3078 p.
672 3014 705 3063 59
720 3011 750 3062 et
764 3015 797 3062 62
819 3008 881 3076 (sub
900 3006 1064 3075 Addendis).
1093 3007 1117 3059 si

167 3080 232 3149 quis
251 3097 317 3135 vero
336 3080 371 3135 de
394 3080 516 3135 lectione
540 3080 700 3133 etiamnunc
724 3080 846 3146 dubitet,
872 3079 965 3133 locum
988 3078 1116 3132 adferam

167 3152 211 3205 ita
229 3151 437 3218 concinentem,
460 3153 493 3205 ut
511 3149 569 3203 iam
587 3149 699 3204 desinat
718 3149 874 3217 dubitatio,
900 3149 938 3203 Vl
958 3164 1032 3203 cons.
1049 3154 1115 3201 297:

168 3223 223 3278 Sed
241 3224 364 3294 pipooro
386 3224 483 3277 cobis
505 3222 648 3276 Romanus
672 3239 803 3290 carusque
825 3238 914 3276 aoros
933 3221 1119 3290 praedamque

168 3295 318 3349 tenebat!
338 3296 415 3346 amat
425 3292 534 3347 scilicet
544 3291 714 3346 Claudianus
726 3309 776 3344 sua
786 3291 874 3359 ipsius
886 3291 972 3345 verba
981 3291 1117 3358 repetere.

114 3369 146 3420 31
167 3365 237 3436 ono]
260 3366 312 3418 wat
330 3364 406 3417 P¹H
427 3380 461 3418 ex
485 3362 648 3417 coniectura
670 3364 762 3415 ortum
785 3362 898 3416 uidetur
920 3361 1042 3428 ideoque
1064 3361 1117 3413 rei-

167 3435 313 3501 ciendum3
341 3436 452 3490 domino
543 3451 598 3488 ooo
621 3449 672 3502 pro
692 3432 818 3486 ablativo
844 3431 973 3486 absoluto
999 3429 1117 3498 accipio.

168 3505 277 3561 similia
295 3505 417 3560 contulit
436 3505 573 3559 Gesnerus
593 3505 629 3558 ad
648 3504 666 3557 l.
