2392 3870
241 807 304 879 DE
334 804 618 885 CONSVLATV
647 803 947 878 STILIOHONIS

441 985 564 1044 LIBER
586 983 745 1044 PRIMVS.

544 1117 639 1188 (xxi.)

153 1227 352 1295 Continuant
376 1228 483 1313 superi
505 1226 601 1311 pleno
625 1226 772 1291 Romana
794 1227 903 1292 favore

85 1316 210 1384 Gaudia
233 1339 463 1401 successusque
484 1315 579 1380 novis
603 1315 804 1380 successibus
828 1322 960 1404 augent:

85 1406 224 1473 Oonubii
246 1408 383 1472 necdum
405 1405 539 1471 festivos
562 1404 652 1490 regia
675 1409 788 1469 cantus

84 1495 242 1582 Sopierat,
265 1495 381 1561 cecinit
403 1496 477 1559 fuso
502 1493 638 1558 Gildone
661 1492 853 1579 triumphos,

82 1585 129 1650 Et
152 1585 264 1650 calidis
286 1583 423 1650 thalami
446 1582 600 1648 successit
622 1582 732 1646 laurea
755 1582 859 1667 sertis,
1083 1601 1100 1650 5

84 1672 231 1738 Sumeret
253 1678 290 1738 ut
312 1673 434 1758 pariter
455 1673 604 1757 princeps
626 1692 806 1754 nomenque
829 1671 938 1736 mariti

81 1760 290 1846 Victorisque
314 1761 423 1846 decus3
444 1760 567 1843 Libyae
589 1763 665 1843 post
687 1759 810 1844 proeha
834 1760 954 1824 crimen

84 1848 233 1915 Oonoidit
256 1850 371 1935 Eoum,
394 1869 569 1932 rursusque
593 1846 723 1913 Oriente
747 1849 881 1913 subacto

86 1938 225 2003 Consule
249 1937 397 2002 defensae
421 1941 559 2024 snrgrmt
583 1935 760 2001 Stilichone
785 1958 919 2001 secures.

85 2026 204 2093 Ordine
226 2031 304 2093 vota
326 2030 443 2090 meant.
479 2025 640 2109 Equidem
663 2026 690 2089 si
714 2048 842 2090 carmen
864 2027 899 2090 in
917 2048 1018 2091 unum
1066 2045 1100 2093 10

84 2115 261 2180 Tantarum
284 2135 409 2199 sperem
432 2114 577 2178 cumulos
600 2113 769 2178 advolvere
791 2137 907 2200 rerum,

83 2203 457 2288 Promptiusimponam
480 2201 610 2289 glaciali
631 2202 746 2267 Pelion
769 2201 876 2268 Ossae.
1012 2245 1013 2250 κ

85 2291 120 2358 Si
141 2297 267 2378 partem
290 2292 429 2358 tacuisse
451 2292 557 2378 velim,
581 2291 803 2376 quodcumque
826 2291 1015 2377 relinquam,

83 2381 190 2448 Maius
213 2382 282 2448 erit.
318 2380 454 2446 Veteres
476 2385 568 2445 actus
591 2376 790 2464 primamque
812 2381 977 2446 iuventam

82 2470 287 2556 Prosequor?
310 2471 351 2535 ad
374 2493 442 2534 sese
465 2473 605 2534 mentem
628 2469 809 2553 praesentia
832 2469 960 2534 ducunt.
1064 2487 1098 2534 15

82 2559 220 2625 Narrem
242 2559 424 2624 iustitiam?
445 2560 520 2643 plus
543 2558 689 2642 splendet
712 2558 817 2644 gloria
839 2557 963 2623 Martis.

83 2646 211 2712 Armati
233 2649 370 2713 referam
392 2648 499 2712 vires?
521 2647 595 2731 plus
619 2646 686 2735 egit
708 2647 848 2712 inermis,

85 2735 178 2813 Quod
199 2736 294 2800 floret
316 2737 455 2822 Latium,
477 2736 572 2801 Latio
595 2736 682 2820 quod
703 2734 828 2800 reddita
848 2734 950 2815 servit

84 2823 205 2910 Africa,
227 2825 369 2889 vicinum
392 2825 478 2909 quod
499 2824 603 2890 nescit
625 2824 760 2888 Hiberia
782 2823 941 2910 Maurum,

83 2912 168 2978 Tuta
192 2914 278 2997 quod
300 2912 463 2978 imbellem
485 2912 622 2977 miratur
645 2912 751 2978 Gallia
773 2913 932 2998 Rhenum,
1063 2928 1098 2978 20

84 3000 153 3066 Aut
176 3002 315 3088 gelidam
338 3002 483 3066 Thracen
506 3002 748 3085 decertatosque
770 3001 899 3066 labores

84 3090 196 3154 Hebro
215 3094 298 3155 teste
322 3091 456 3155 canam?
491 3090 648 3177 Magnum
669 3090 749 3154 mihi
771 3091 924 3174 panditur
947 3100 1076 3175 aequor,

83 3177 221 3264 Ipsaque
243 3178 368 3243 Pierios
390 3179 515 3244 lassant
536 3179 693 3263 proclivia
716 3201 829 3244 currus

81 3268 246 3333 Laudibus
271 3268 455 3333 innumeris.

508 3356 641 3421 Etenim
663 3356 856 3421 mortalibus
879 3377 918 3419 ax
942 3376 1006 3439 quo

62 3441 181 3510 Tellus
202 3450 323 3535 coepta
346 3447 421 3541 coli,
445 3470 634 3536 numquam
655 3446 783 3513 sincera
798 3445 968 3507 bonorum
1067 3461 1107 3504 aa
