2392 3870
433 686 489 757 IN
516 683 798 756 EVTROPIVM

465 863 588 922 111111
610 860 769 920 1111111.

556 993 678 1065 (svin.)

177 1104 350 1169 Semiferos
373 1108 486 1187 partus
508 1103 743 1185 metuendaque
764 1103 903 1188 pignora
924 1104 1021 1167 matri

109 1192 281 1257 Moenibus
303 1196 337 1257 et
358 1191 473 1257 mediis
495 1191 641 1256 auditum
663 1194 758 1255 noate
781 1191 933 1274 luporum

109 1281 257 1345 Murmur
281 1285 313 1344 et
336 1281 476 1345 attonito
499 1280 636 1363 pecudes
659 1283 788 1363 pastore
811 1279 936 1343 locutas

109 1370 155 1434 Et
177 1369 321 1453 lapidum
345 1368 441 1432 duras
463 1368 585 1433 hiemes
607 1368 782 1450 nimboque
806 1368 963 1432 minacem

110 1456 293 1544 Sanguineo
316 1457 466 1521 rubuisse
488 1455 598 1522 Iovem
619 1460 798 1540 puteosque
822 1477 935 1521 cruore
1107 1471 1123 1520 o

109 1546 254 1610 Mutatos
276 1546 427 1628 visasque
449 1546 526 1629 polo
550 1567 739 1610 concurrere
762 1544 855 1609 lunas

108 1635 153 1699 Et
176 1635 323 1721 geminos
346 1635 432 1698 soles
454 1635 564 1699 mirari
588 1634 712 1698 desinat
736 1633 838 1698 orbis:

110 1721 225 1786 Omnia
248 1727 413 1786 cessenmt
436 1724 582 1787 eunucho
606 1723 737 1787 consule
763 1727 917 1787 monstra.

108 1810 182 1874 Heu
204 1814 309 1875 terrae
332 1810 475 1894 caelique
497 1810 614 1895 pudorl
650 1811 796 1875 trabeata
819 1833 876 1894 per
898 1810 995 1875 urbes

110 1897 300 1963 Ostentatur
323 1920 404 1963 anus
426 1898 622 1983 titulumque
645 1899 808 1964 effeminat
830 1900 915 1965 anni.
1089 1916 1122 1965 ιο

108 1986 244 2051 Pandite
266 1987 436 2070 pontifices
460 1986 621 2053 Cumanae
645 1988 786 2052 carmina
808 1989 902 2073 vatis,

108 2074 295 2139 Fulmineos
319 2076 432 2140 sollers
455 2076 590 2140 Etruria
612 2077 760 2140 consulat
781 2077 874 2162 ignes

109 2161 352 2246 Inmersumque
374 2164 466 2231 nefas
488 2165 580 2229 fibris
603 2165 749 2248 exploret
771 2165 943 2249 haruspex,

110 2250 197 2326 Quae
219 2273 304 2316 nova
325 2252 521 2335 portendant
545 2253 661 2337 superi.
706 2251 844 2318 Nilusne
866 2255 975 2316 meatu

108 2338 229 2403 Devius
252 2344 284 2403 et
306 2341 412 2405 nostri
434 2344 573 2425 temptat
594 2341 660 2405 iam
682 2340 852 2424 transfuga
874 2339 985 2403 mundi
1089 2356 1121 2406 15

109 2425 149 2490 Se
172 2427 284 2491 Rubro
308 2429 441 2492 miscere
463 2429 567 2493 mari?
605 2432 743 2511 ruptone
765 2427 908 2510 Niphate

108 2514 249 2579 Rursum
272 2515 450 2580 barbaricis
474 2516 589 2582 Oriens
610 2516 792 2580 vastabitur
815 2514 935 2578 armis?

107 2601 161 2665 An
183 2603 289 2666 morbi
312 2608 448 2667 ventura
470 2604 563 2668 lues?
599 2625 641 2668 an
662 2604 753 2668 nulla
776 2603 891 2666 colono

107 2690 315 2774 Responsura
338 2691 452 2777 seges?
489 2690 576 2768 Quae
599 2695 708 2755 tantas
731 2691 838 2774 expiet
859 2691 925 2755 iras

107 2777 269 2843 Victima?
302 2801 367 2862 quo
390 2779 476 2844 diras
498 2779 613 2866 iugulo
634 2779 834 2863 placabimus
857 2780 951 2845 aras?
1086 2797 1120 2847 20

109 2865 248 2931 Consule
270 2867 431 2932 lustrandi
454 2867 557 2933 fasces
579 2869 716 2952 ipsoque
739 2867 898 2932 litandum

106 2954 274 3040 Prodigio3
298 2955 522 3040 quodcumque
544 2959 662 3041 parant
682 2956 745 3021 hoc
768 2956 874 3021 omine
896 2956 974 3042 fata,

106 3041 287 3127 Eutropius
310 3045 430 3109 cervice
455 3045 533 3109 luat.

578 3131 631 3197 Sic
654 3132 762 3197 omnia
783 3131 889 3217 nobis,

105 3216 177 3282 Hoc
200 3221 303 3306 regni,
323 3219 477 3305 Fortuna,
499 3221 612 3285 tenes?
650 3219 813 3297 Quaenam
835 3221 900 3285 ista
921 3220 1048 3284 iocandi

106 3304 269 3372 Saevitia?
304 3307 455 3373 humanis
479 3313 636 3392 quantum
658 3308 854 3373 bacchabere
876 3309 995 3373 rebus?
1085 3324 1121 3374 ao

106 3391 141 3457 si
163 3395 226 3458 tibi
249 3397 358 3461 servili
380 3397 503 3481 placuit
525 3397 653 3461 foedare
676 3398 804 3462 curules
