<?xml version="1.0" encoding="UTF-8"?>
<!DOCTYPE html PUBLIC "-//W3C//DTD XHTML 1.0 Transitional//EN"
    "http://www.w3.org/TR/xhtml1/DTD/xhtml1-transitional.dtd">
<html xmlns="http://www.w3.org/1999/xhtml" xml:lang="en" lang="en">
 <head>
  <title>
</title>
<meta http-equiv="Content-Type" content="text/html;charset=utf-8" />
  <meta name='ocr-system' content='tesseract 3.04.00' />
  <meta name='ocr-capabilities' content='ocr_page ocr_carea ocr_par ocr_line ocrx_word'/>
</head>
<body>
  <div class='ocr_page' id='page_1' title='image "./claudiiclaudian03claugoog_0389.png"; bbox 0 0 2392 3870; ppageno 0'>
   <div class='ocr_carea' id='block_1_1' title="bbox 135 158 985 225">
    <p class='ocr_par' dir='ltr' id='par_1_1' title="bbox 135 158 985 225">
     <span class='ocr_line' id='line_1_1' title="bbox 135 158 985 225; baseline -0.011 0"><span class='ocrx_word' id='word_1_1' title='bbox 135 160 201 225; x_wconf 84' lang='lat'><strong>318</strong></span> <span class='ocrx_word' id='word_1_2' title='bbox 306 158 431 216; x_wconf 75' lang='lat' dir='ltr'><strong>sumus</strong></span> <span class='ocrx_word' id='word_1_3' title='bbox 450 158 646 216; x_wconf 78' lang='lat' dir='ltr'>CARMINUM</span> <span class='ocrx_word' id='word_1_4' title='bbox 664 158 775 216; x_wconf 83' lang='lat' dir='ltr'>HUIUS</span> <span class='ocrx_word' id='word_1_5' title='bbox 792 158 985 216; x_wconf 79' lang='lat' dir='ltr'>EDITIONIS.</span> 
     </span>
    </p>
   </div>
   <div class='ocr_carea' id='block_1_2' title="bbox 133 319 1157 2723">
    <p class='ocr_par' dir='ltr' id='par_1_2' title="bbox 133 319 1157 2723">
     <span class='ocr_line' id='line_1_2' title="bbox 137 319 1157 390; baseline 0.001 -16"><span class='ocrx_word' id='word_1_6' title='bbox 137 320 179 374; x_wconf 92' lang='lat' dir='ltr'><strong>De</strong></span> <span class='ocrx_word' id='word_1_7' title='bbox 197 322 282 390; x_wconf 80' lang='lat' dir='ltr'><strong>raptu</strong></span> <span class='ocrx_word' id='word_1_8' title='bbox 299 320 484 390; x_wconf 78' lang='lat' dir='ltr'><strong>Proserpinae</strong></span> <span class='ocrx_word' id='word_1_9' title='bbox 502 319 541 372; x_wconf 93' lang='lat' dir='ltr'><strong>III</strong></span> <span class='ocrx_word' id='word_1_10' title='bbox 552 361 984 377; x_wconf 86' lang='grc'><strong>.............</strong></span> <span class='ocrx_word' id='word_1_11' title='bbox 1037 319 1157 377; x_wconf 86' lang='lat' dir='ltr'>XXXVI</span> 
     </span>
     <span class='ocr_line' id='line_1_3' title="bbox 137 391 983 460; baseline 0.002 -15"><span class='ocrx_word' id='word_1_12' title='bbox 137 391 338 460; x_wconf 70' lang='lat' dir='ltr'><strong>Fragmentum</strong></span> <span class='ocrx_word' id='word_1_13' title='bbox 355 392 494 447; x_wconf 82' lang='lat' dir='ltr'><strong>inoerium</strong></span> <span class='ocrx_word' id='word_1_14' title='bbox 515 432 983 448; x_wconf 87' lang='grc'><strong>..............</strong></span> 
     </span>
     <span class='ocr_line' id='line_1_4' title="bbox 136 460 1157 531; baseline 0 -15"><span class='ocrx_word' id='word_1_15' title='bbox 136 462 207 531; x_wconf 81' lang='lat' dir='ltr'><strong>App.</strong></span> <span class='ocrx_word' id='word_1_16' title='bbox 228 462 253 518; x_wconf 93' lang='lat' dir='ltr'><strong>I:</strong></span> <span class='ocrx_word' id='word_1_17' title='bbox 272 462 305 515; x_wconf 93' lang='lat' dir='ltr'><strong>In</strong></span> <span class='ocrx_word' id='word_1_18' title='bbox 323 460 438 517; x_wconf 76' lang='lat' dir='ltr'>Sirenas</span> <span class='ocrx_word' id='word_1_19' title='bbox 443 499 986 519; x_wconf 80' lang='grc'><strong>................</strong></span> <span class='ocrx_word' id='word_1_20' title='bbox 1137 463 1157 517; x_wconf 80' lang='lat' dir='ltr'><strong>(l</strong></span> 
     </span>
     <span class='ocr_line' id='line_1_5' title="bbox 226 531 1155 589; baseline 0 -3"><span class='ocrx_word' id='word_1_21' title='bbox 226 532 264 586; x_wconf 94' lang='lat' dir='ltr'><strong>II:</strong></span> <span class='ocrx_word' id='word_1_22' title='bbox 283 533 358 588; x_wconf 88' lang='lat' dir='ltr'><strong>Laus</strong></span> <span class='ocrx_word' id='word_1_23' title='bbox 375 531 506 587; x_wconf 82' lang='lat' dir='ltr'><strong>Herculis</strong></span> <span class='ocrx_word' id='word_1_24' title='bbox 512 575 982 589; x_wconf 76' lang='grc'><strong><em>..............</em></strong></span> <span class='ocrx_word' id='word_1_25' title='bbox 1122 533 1155 588; x_wconf 83' lang='lat' dir='ltr'>CI</span> 
     </span>
     <span class='ocr_line' id='line_1_6' title="bbox 224 602 982 660; baseline 0.003 -4"><span class='ocrx_word' id='word_1_26' title='bbox 224 604 294 659; x_wconf 89' lang='lat' dir='ltr'>IIIa:</span> <span class='ocrx_word' id='word_1_27' title='bbox 314 602 355 659; x_wconf 88' lang='lat' dir='ltr'><strong>De</strong></span> <span class='ocrx_word' id='word_1_28' title='bbox 374 602 468 657; x_wconf 84' lang='lat' dir='ltr'><strong>dulcio</strong></span> <span class='ocrx_word' id='word_1_29' title='bbox 479 644 982 660; x_wconf 91' lang='grc'><strong>...............</strong></span> 
     </span>
     <span class='ocr_line' id='line_1_7' title="bbox 223 672 982 731; baseline 0.001 -4"><span class='ocrx_word' id='word_1_30' title='bbox 223 674 295 729; x_wconf 93' lang='lat' dir='ltr'>IlIb:</span> <span class='ocrx_word' id='word_1_31' title='bbox 315 676 357 729; x_wconf 89' lang='lat' dir='ltr'><strong>De</strong></span> <span class='ocrx_word' id='word_1_32' title='bbox 375 672 468 727; x_wconf 84' lang='lat' dir='ltr'><strong>dulcio</strong></span> <span class='ocrx_word' id='word_1_33' title='bbox 480 715 982 731; x_wconf 88' lang='grc'><strong><em>...............</em></strong></span> 
     </span>
     <span class='ocr_line' id='line_1_8' title="bbox 224 743 1155 801; baseline 0.002 -4"><span class='ocrx_word' id='word_1_34' title='bbox 224 744 276 800; x_wconf 90' lang='lat' dir='ltr'><strong>IV:</strong></span> <span class='ocrx_word' id='word_1_35' title='bbox 296 745 338 798; x_wconf 90' lang='lat' dir='ltr'><strong>De</strong></span> <span class='ocrx_word' id='word_1_36' title='bbox 356 761 426 799; x_wconf 86' lang='lat' dir='ltr'><strong>zona</strong></span> <span class='ocrx_word' id='word_1_37' title='bbox 444 743 531 797; x_wconf 88' lang='lat' dir='ltr'><strong>missa</strong></span> <span class='ocrx_word' id='word_1_38' title='bbox 550 744 586 797; x_wconf 92' lang='lat' dir='ltr'><strong>ab</strong></span> <span class='ocrx_word' id='word_1_39' title='bbox 605 744 705 799; x_wconf 86' lang='lat' dir='ltr'><strong>eadem</strong></span> <span class='ocrx_word' id='word_1_40' title='bbox 726 786 982 801; x_wconf 89' lang='grc'><strong>........</strong></span> <span class='ocrx_word' id='word_1_41' title='bbox 1064 745 1155 799; x_wconf 87' lang='lat' dir='ltr'>LXXI</span> 
     </span>
     <span class='ocr_line' id='line_1_9' title="bbox 224 813 983 884; baseline 0.001 -13"><span class='ocrx_word' id='word_1_42' title='bbox 224 816 262 871; x_wconf 90' lang='lat' dir='ltr'><strong>V:</strong></span> <span class='ocrx_word' id='word_1_43' title='bbox 281 813 505 884; x_wconf 76' lang='lat' dir='ltr'><strong>Epithalamium</strong></span> <span class='ocrx_word' id='word_1_44' title='bbox 525 814 671 870; x_wconf 80' lang='lat' dir='ltr'><strong>Laurentii</strong></span> <span class='ocrx_word' id='word_1_45' title='bbox 690 857 983 874; x_wconf 86' lang='grc'><strong>.........</strong></span> 
     </span>
     <span class='ocr_line' id='line_1_10' title="bbox 224 885 982 943; baseline 0 -4"><span class='ocrx_word' id='word_1_46' title='bbox 224 885 274 942; x_wconf 90' lang='lat' dir='ltr'><strong>VI:</strong></span> <span class='ocrx_word' id='word_1_47' title='bbox 294 885 335 940; x_wconf 91' lang='lat' dir='ltr'><strong>De</strong></span> <span class='ocrx_word' id='word_1_48' title='bbox 353 885 529 942; x_wconf 82' lang='lat' dir='ltr'><strong>Liberalibus</strong></span> <span class='ocrx_word' id='word_1_49' title='bbox 548 928 982 943; x_wconf 87' lang='lat'><strong>.............</strong></span> 
     </span>
     <span class='ocr_line' id='line_1_11' title="bbox 225 956 982 1014; baseline 0.005 -5"><span class='ocrx_word' id='word_1_50' title='bbox 225 957 288 1013; x_wconf 95' lang='lat' dir='ltr'>VII:</span> <span class='ocrx_word' id='word_1_51' title='bbox 308 958 383 1011; x_wconf 87' lang='lat' dir='ltr'><strong>Laus</strong></span> <span class='ocrx_word' id='word_1_52' title='bbox 401 956 502 1010; x_wconf 80' lang='lat' dir='ltr'><strong>Mariis</strong></span> <span class='ocrx_word' id='word_1_53' title='bbox 514 999 982 1014; x_wconf 89' lang='grc'><strong>..............</strong></span> 
     </span>
     <span class='ocr_line' id='line_1_12' title="bbox 223 1027 983 1085; baseline 0.001 -4"><span class='ocrx_word' id='word_1_54' title='bbox 223 1028 302 1084; x_wconf 88' lang='lat' dir='ltr'>VllI:</span> <span class='ocrx_word' id='word_1_55' title='bbox 321 1027 363 1082; x_wconf 88' lang='lat' dir='ltr'><strong>De</strong></span> <span class='ocrx_word' id='word_1_56' title='bbox 380 1027 563 1082; x_wconf 82' lang='lat' dir='ltr'><strong>quenalibus</strong></span> <span class='ocrx_word' id='word_1_57' title='bbox 582 1069 983 1085; x_wconf 87' lang='grc'><strong>............</strong></span> 
     </span>
     <span class='ocr_line' id='line_1_13' title="bbox 223 1097 1152 1169; baseline -0.003 -15"><span class='ocrx_word' id='word_1_58' title='bbox 223 1100 273 1154; x_wconf 88' lang='lat' dir='ltr'><strong>IX:</strong></span> <span class='ocrx_word' id='word_1_59' title='bbox 294 1098 336 1153; x_wconf 87' lang='lat' dir='ltr'><strong>De</strong></span> <span class='ocrx_word' id='word_1_60' title='bbox 355 1098 557 1169; x_wconf 81' lang='lat' dir='ltr'><strong>hippopotamo</strong></span> <span class='ocrx_word' id='word_1_61' title='bbox 576 1100 606 1153; x_wconf 80' lang='lat' dir='ltr'><strong>ei</strong></span> <span class='ocrx_word' id='word_1_62' title='bbox 624 1097 765 1153; x_wconf 86' lang='lat' dir='ltr'><strong>crocodilo</strong></span> <span class='ocrx_word' id='word_1_63' title='bbox 796 1140 981 1156; x_wconf 85' lang='grc'><strong>......</strong></span> <span class='ocrx_word' id='word_1_64' title='bbox 1064 1098 1152 1153; x_wconf 83' lang='lat' dir='ltr'>XCIII</span> 
     </span>
     <span class='ocr_line' id='line_1_14' title="bbox 224 1169 1152 1238; baseline -0.001 -13"><span class='ocrx_word' id='word_1_65' title='bbox 224 1171 261 1225; x_wconf 89' lang='lat' dir='ltr'><strong>X:</strong></span> <span class='ocrx_word' id='word_1_66' title='bbox 281 1170 322 1224; x_wconf 90' lang='lat' dir='ltr'><strong>De</strong></span> <span class='ocrx_word' id='word_1_67' title='bbox 342 1169 439 1238; x_wconf 85' lang='lat' dir='ltr'><strong>aquila</strong></span> <span class='ocrx_word' id='word_1_68' title='bbox 457 1186 529 1238; x_wconf 89' lang='lat' dir='ltr'><strong>quae</strong></span> <span class='ocrx_word' id='word_1_69' title='bbox 547 1169 578 1223; x_wconf 91' lang='lat' dir='ltr'><strong>in</strong></span> <span class='ocrx_word' id='word_1_70' title='bbox 596 1185 694 1223; x_wconf 87' lang='lat' dir='ltr'><strong>mensa</strong></span> <span class='ocrx_word' id='word_1_71' title='bbox 712 1171 773 1223; x_wconf 80' lang='lat' dir='ltr'><strong>erat</strong></span> <span class='ocrx_word' id='word_1_72' title='bbox 797 1211 981 1226; x_wconf 91' lang='grc'><strong>......</strong></span> <span class='ocrx_word' id='word_1_73' title='bbox 1063 1169 1152 1224; x_wconf 84' lang='lat' dir='ltr'>XCIV</span> 
     </span>
     <span class='ocr_line' id='line_1_15' title="bbox 224 1240 980 1310; baseline 0 -15"><span class='ocrx_word' id='word_1_74' title='bbox 224 1242 275 1296; x_wconf 90' lang='lat' dir='ltr'><strong>Xl:</strong></span> <span class='ocrx_word' id='word_1_75' title='bbox 294 1242 336 1295; x_wconf 90' lang='lat' dir='ltr'><strong>De</strong></span> <span class='ocrx_word' id='word_1_76' title='bbox 355 1240 437 1294; x_wconf 88' lang='lat' dir='ltr'><strong>Isidis</strong></span> <span class='ocrx_word' id='word_1_77' title='bbox 455 1240 569 1310; x_wconf 81' lang='lat' dir='ltr'><strong>navigio</strong></span> <span class='ocrx_word' id='word_1_78' title='bbox 582 1282 980 1298; x_wconf 86' lang='grc'><strong>............</strong></span> 
     </span>
     <span class='ocr_line' id='line_1_16' title="bbox 224 1310 981 1368; baseline 0 -3"><span class='ocrx_word' id='word_1_79' title='bbox 224 1313 288 1366; x_wconf 90' lang='lat' dir='ltr'>XII:</span> <span class='ocrx_word' id='word_1_80' title='bbox 307 1310 349 1365; x_wconf 91' lang='lat' dir='ltr'><strong>De</strong></span> <span class='ocrx_word' id='word_1_81' title='bbox 367 1311 481 1367; x_wconf 85' lang='lat' dir='ltr'><strong>lavacro</strong></span> <span class='ocrx_word' id='word_1_82' title='bbox 513 1353 981 1368; x_wconf 87' lang='lat'><strong>..............</strong></span> 
     </span>
     <span class='ocr_line' id='line_1_17' title="bbox 224 1381 981 1440; baseline -0.001 -4"><span class='ocrx_word' id='word_1_83' title='bbox 224 1385 301 1437; x_wconf 90' lang='lat' dir='ltr'>Xlll:</span> <span class='ocrx_word' id='word_1_84' title='bbox 320 1381 362 1435; x_wconf 91' lang='lat' dir='ltr'><strong>De</strong></span> <span class='ocrx_word' id='word_1_85' title='bbox 381 1382 522 1436; x_wconf 82' lang='lat' dir='ltr'><strong>vinalibus</strong></span> <span class='ocrx_word' id='word_1_86' title='bbox 547 1423 981 1440; x_wconf 88' lang='lat'><strong>.............</strong></span> 
     </span>
     <span class='ocr_line' id='line_1_18' title="bbox 224 1451 982 1522; baseline 0 -15"><span class='ocrx_word' id='word_1_87' title='bbox 224 1454 300 1509; x_wconf 90' lang='lat' dir='ltr'>XIV:</span> <span class='ocrx_word' id='word_1_88' title='bbox 319 1452 361 1506; x_wconf 86' lang='lat' dir='ltr'><strong>De</strong></span> <span class='ocrx_word' id='word_1_89' title='bbox 381 1451 501 1522; x_wconf 79' lang='lat' dir='ltr'><strong>Cythera</strong></span> <span class='ocrx_word' id='word_1_90' title='bbox 511 1494 982 1510; x_wconf 90' lang='grc'><strong>..............</strong></span> 
     </span>
     <span class='ocr_line' id='line_1_19' title="bbox 224 1524 981 1595; baseline 0 -17"><span class='ocrx_word' id='word_1_91' title='bbox 224 1525 288 1579; x_wconf 87' lang='lat' dir='ltr'><strong>XV:</strong></span> <span class='ocrx_word' id='word_1_92' title='bbox 308 1524 350 1578; x_wconf 90' lang='lat' dir='ltr'><strong>De</strong></span> <span class='ocrx_word' id='word_1_93' title='bbox 368 1539 448 1579; x_wconf 83' lang='lat' dir='ltr'><strong>cereo</strong></span> <span class='ocrx_word' id='word_1_94' title='bbox 473 1565 944 1580; x_wconf 87' lang='grc'><strong>..............</strong></span> <span class='ocrx_word' id='word_1_95' title='bbox 972 1566 981 1595; x_wconf 28' lang='grc' dir='ltr'><strong>Ι.</strong></span> 
     </span>
     <span class='ocr_line' id='line_1_20' title="bbox 224 1594 981 1651; baseline 0 -3"><span class='ocrx_word' id='word_1_96' title='bbox 224 1595 301 1651; x_wconf 85' lang='lat' dir='ltr'>XVI:</span> <span class='ocrx_word' id='word_1_97' title='bbox 320 1597 363 1650; x_wconf 92' lang='lat' dir='ltr'><strong>De</strong></span> <span class='ocrx_word' id='word_1_98' title='bbox 381 1594 512 1648; x_wconf 86' lang='lat' dir='ltr'><strong>irundine</strong></span> <span class='ocrx_word' id='word_1_99' title='bbox 547 1636 981 1651; x_wconf 90' lang='grc'><strong><em>.............</em></strong></span> 
     </span>
     <span class='ocr_line' id='line_1_21' title="bbox 223 1666 981 1735; baseline -0.001 -15"><span class='ocrx_word' id='word_1_100' title='bbox 223 1666 313 1721; x_wconf 89' lang='lat' dir='ltr'>XVII:</span> <span class='ocrx_word' id='word_1_101' title='bbox 332 1666 374 1720; x_wconf 89' lang='lat' dir='ltr'><strong>De</strong></span> <span class='ocrx_word' id='word_1_102' title='bbox 393 1682 489 1735; x_wconf 81' lang='lat' dir='ltr'><strong>mergo</strong></span> <span class='ocrx_word' id='word_1_103' title='bbox 513 1706 981 1722; x_wconf 87' lang='lat'><strong>..............</strong></span> 
     </span>
     <span class='ocr_line' id='line_1_22' title="bbox 223 1736 981 1793; baseline 0 -3"><span class='ocrx_word' id='word_1_104' title='bbox 223 1736 327 1793; x_wconf 88' lang='lat' dir='ltr'>XVIII:</span> <span class='ocrx_word' id='word_1_105' title='bbox 346 1737 387 1791; x_wconf 88' lang='lat' dir='ltr'><strong>De</strong></span> <span class='ocrx_word' id='word_1_106' title='bbox 406 1736 503 1791; x_wconf 76' lang='lat' dir='ltr'><strong>vitulis</strong></span> <span class='ocrx_word' id='word_1_107' title='bbox 522 1737 639 1791; x_wconf 85' lang='lat' dir='ltr'><strong>marinis</strong></span> <span class='ocrx_word' id='word_1_108' title='bbox 654 1777 981 1792; x_wconf 87' lang='lat'><strong>..........</strong></span> 
     </span>
     <span class='ocr_line' id='line_1_23' title="bbox 222 1804 981 1877; baseline -0.003 -15"><span class='ocrx_word' id='word_1_109' title='bbox 222 1808 318 1862; x_wconf 89' lang='lat' dir='ltr'>XIXa:</span> <span class='ocrx_word' id='word_1_110' title='bbox 337 1808 379 1862; x_wconf 91' lang='lat' dir='ltr'><strong>De</strong></span> <span class='ocrx_word' id='word_1_111' title='bbox 397 1823 521 1877; x_wconf 85' lang='lat' dir='ltr'><strong>paupere</strong></span> <span class='ocrx_word' id='word_1_112' title='bbox 538 1804 676 1877; x_wconf 79' lang='lat' dir='ltr'><strong>singulari</strong></span> <span class='ocrx_word' id='word_1_113' title='bbox 686 1848 981 1863; x_wconf 88' lang='lat'><strong>.........</strong></span> 
     </span>
     <span class='ocr_line' id='line_1_24' title="bbox 223 1878 980 1946; baseline -0.001 -14"><span class='ocrx_word' id='word_1_114' title='bbox 223 1879 319 1933; x_wconf 87' lang='lat' dir='ltr'>XIXb:</span> <span class='ocrx_word' id='word_1_115' title='bbox 338 1878 380 1933; x_wconf 89' lang='lat' dir='ltr'><strong>De</strong></span> <span class='ocrx_word' id='word_1_116' title='bbox 399 1895 452 1946; x_wconf 89' lang='lat' dir='ltr'><strong>ape</strong></span> <span class='ocrx_word' id='word_1_117' title='bbox 474 1916 980 1936; x_wconf 90' lang='grc'><strong>...............</strong></span> 
     </span>
     <span class='ocr_line' id='line_1_25' title="bbox 223 1945 1151 2005; baseline -0.001 -3"><span class='ocrx_word' id='word_1_118' title='bbox 223 1949 288 2004; x_wconf 91' lang='lat' dir='ltr'><strong>XX:</strong></span> <span class='ocrx_word' id='word_1_119' title='bbox 308 1949 382 2004; x_wconf 86' lang='lat' dir='ltr'><strong>Laus</strong></span> <span class='ocrx_word' id='word_1_120' title='bbox 401 1948 506 2003; x_wconf 76' lang='lat' dir='ltr'><strong>Christi</strong></span> <span class='ocrx_word' id='word_1_121' title='bbox 545 1990 979 2005; x_wconf 90' lang='grc'><strong>.............</strong></span> <span class='ocrx_word' id='word_1_122' title='bbox 1035 1945 1151 2003; x_wconf 82' lang='lat' dir='ltr'>XCVIII</span> 
     </span>
     <span class='ocr_line' id='line_1_26' title="bbox 224 2017 1150 2076; baseline -0.001 -3"><span class='ocrx_word' id='word_1_123' title='bbox 224 2020 301 2075; x_wconf 88' lang='lat' dir='ltr'>XXI:</span> <span class='ocrx_word' id='word_1_124' title='bbox 320 2020 458 2075; x_wconf 87' lang='lat' dir='ltr'><strong>Miraoula</strong></span> <span class='ocrx_word' id='word_1_125' title='bbox 477 2019 581 2074; x_wconf 81' lang='lat' dir='ltr'><strong>Christi</strong></span> <span class='ocrx_word' id='word_1_126' title='bbox 618 2060 981 2076; x_wconf 85' lang='grc'><strong>...........</strong></span> <span class='ocrx_word' id='word_1_127' title='bbox 1060 2017 1150 2072; x_wconf 80' lang='lat' dir='ltr'>XCIX</span> 
     </span>
     <span class='ocr_line' id='line_1_27' title="bbox 223 2090 979 2159; baseline 0 -15"><span class='ocrx_word' id='word_1_128' title='bbox 223 2090 313 2144; x_wconf 90' lang='lat' dir='ltr'>XXII:</span> <span class='ocrx_word' id='word_1_129' title='bbox 332 2091 444 2144; x_wconf 85' lang='lat' dir='ltr'><strong>Marcus</strong></span> <span class='ocrx_word' id='word_1_130' title='bbox 464 2106 561 2143; x_wconf 88' lang='lat' dir='ltr'><strong>amans</strong></span> <span class='ocrx_word' id='word_1_131' title='bbox 580 2106 699 2159; x_wconf 89' lang='lat' dir='ltr'><strong>puerum</strong></span> <span class='ocrx_word' id='word_1_132' title='bbox 718 2131 725 2144; x_wconf 90' lang='lat'><strong>.</strong></span> <span class='ocrx_word' id='word_1_133' title='bbox 741 2132 769 2144; x_wconf 91' lang='lat'><strong>..</strong></span> <span class='ocrx_word' id='word_1_134' title='bbox 796 2132 803 2145; x_wconf 93' lang='lat'><strong>.</strong></span> <span class='ocrx_word' id='word_1_135' title='bbox 832 2131 839 2146; x_wconf 89' lang='lat'><strong>.</strong></span> <span class='ocrx_word' id='word_1_136' title='bbox 867 2131 873 2144; x_wconf 96' lang='lat'>.</span> <span class='ocrx_word' id='word_1_137' title='bbox 903 2132 909 2144; x_wconf 95' lang='lat'>.</span> <span class='ocrx_word' id='word_1_138' title='bbox 938 2132 944 2144; x_wconf 87' lang='lat'><em>.</em></span> <span class='ocrx_word' id='word_1_139' title='bbox 974 2133 979 2144; x_wconf 95' lang='lat'>.</span> 
     </span>
     <span class='ocr_line' id='line_1_28' title="bbox 133 2162 981 2231; baseline 0 -17"><span class='ocrx_word' id='word_1_140' title='bbox 133 2178 217 2216; x_wconf 84' lang='lat' dir='ltr'><strong>carm.</strong></span> <span class='ocrx_word' id='word_1_141' title='bbox 237 2178 277 2229; x_wconf 81' lang='lat' dir='ltr'><strong>gr.</strong></span> <span class='ocrx_word' id='word_1_142' title='bbox 297 2162 508 2231; x_wconf 74' lang='grc' dir='ltr'><em>Γιγαντομαχία</em></span> <span class='ocrx_word' id='word_1_143' title='bbox 514 2201 981 2217; x_wconf 90' lang='grc'><strong>..............</strong></span> 
     </span>
     <span class='ocr_line' id='line_1_29' title="bbox 133 2227 1149 2303; baseline 0 -18"><span class='ocrx_word' id='word_1_144' title='bbox 133 2232 220 2303; x_wconf 86' lang='lat' dir='ltr'><strong>epigr.</strong></span> <span class='ocrx_word' id='word_1_145' title='bbox 240 2232 265 2287; x_wconf 90' lang='lat' dir='ltr'><strong>I:</strong></span> <span class='ocrx_word' id='word_1_146' title='bbox 278 2227 374 2286; x_wconf 73' lang='lat' dir='ltr'><strong>“lincol</strong></span> <span class='ocrx_word' id='word_1_147' title='bbox 392 2251 439 2301; x_wconf 87' lang='grc' dir='ltr'><strong>μοι</strong></span> <span class='ocrx_word' id='word_1_148' title='bbox 458 2229 521 2301; x_wconf 75' lang='lat' dir='ltr'><strong>pil:</strong></span> <span class='ocrx_word' id='word_1_149' title='bbox 541 2233 625 2303; x_wconf 80' lang='grc' dir='ltr'><em>Φοῖβε</em></span> <span class='ocrx_word' id='word_1_150' title='bbox 640 2272 977 2288; x_wconf 81' lang='grc'><strong>...........</strong></span> <span class='ocrx_word' id='word_1_151' title='bbox 1070 2230 1149 2284; x_wconf 87' lang='lat' dir='ltr'><strong>LXV</strong></span> 
     </span>
     <span class='ocr_line' id='line_1_30' title="bbox 238 2299 1149 2371; baseline -0.003 -14"><span class='ocrx_word' id='word_1_152' title='bbox 238 2304 277 2357; x_wconf 88' lang='lat' dir='ltr'><strong>Il:</strong></span> <span class='ocrx_word' id='word_1_153' title='bbox 298 2304 349 2366; x_wconf 84' lang='grc' dir='ltr'><strong>Εἰς</strong></span> <span class='ocrx_word' id='word_1_154' title='bbox 367 2300 469 2357; x_wconf 76' lang='grc' dir='ltr'><em>δοῦλόν</em></span> <span class='ocrx_word' id='word_1_155' title='bbox 482 2322 547 2356; x_wconf 84' lang='grc' dir='ltr'>τινα</span> <span class='ocrx_word' id='word_1_156' title='bbox 564 2299 712 2371; x_wconf 65' lang='lat' dir='ltr'><strong>:ophiusa</strong></span> <span class='ocrx_word' id='word_1_157' title='bbox 723 2343 977 2359; x_wconf 87' lang='grc'><em>........</em></span> <span class='ocrx_word' id='word_1_158' title='bbox 1045 2300 1149 2356; x_wconf 86' lang='lat' dir='ltr'>LXVII</span> 
     </span>
     <span class='ocr_line' id='line_1_31' title="bbox 238 2371 1149 2444; baseline -0.001 -17"><span class='ocrx_word' id='word_1_159' title='bbox 238 2374 290 2428; x_wconf 89' lang='lat' dir='ltr'>III:</span> <span class='ocrx_word' id='word_1_160' title='bbox 310 2375 361 2438; x_wconf 85' lang='grc' dir='ltr'><strong>Εἰς</strong></span> <span class='ocrx_word' id='word_1_161' title='bbox 379 2373 488 2444; x_wconf 76' lang='grc' dir='ltr'><em>μιμάδα</em></span> <span class='ocrx_word' id='word_1_162' title='bbox 505 2372 669 2444; x_wconf 74' lang='grc' dir='ltr'><em>γηράσασαν</em></span> <span class='ocrx_word' id='word_1_163' title='bbox 688 2414 978 2430; x_wconf 89' lang='grc'><strong>.........</strong></span> <span class='ocrx_word' id='word_1_164' title='bbox 1058 2371 1149 2426; x_wconf 87' lang='lat' dir='ltr'>LXVI</span> 
     </span>
     <span class='ocr_line' id='line_1_32' title="bbox 238 2442 1150 2515; baseline 0 -16"><span class='ocrx_word' id='word_1_165' title='bbox 238 2446 289 2500; x_wconf 89' lang='lat' dir='ltr'><strong>IV:</strong></span> <span class='ocrx_word' id='word_1_166' title='bbox 309 2447 361 2509; x_wconf 84' lang='grc' dir='ltr'><strong>Εἰς</strong></span> <span class='ocrx_word' id='word_1_167' title='bbox 379 2445 548 2515; x_wconf 74' lang='grc' dir='ltr'><strong><em>κρύσταλλον</em></strong></span> <span class='ocrx_word' id='word_1_168' title='bbox 581 2485 979 2501; x_wconf 85' lang='grc'><strong>............</strong></span> <span class='ocrx_word' id='word_1_169' title='bbox 1057 2442 1150 2496; x_wconf 85' lang='lat' dir='ltr'>LXIII</span> 
     </span>
     <span class='ocr_line' id='line_1_33' title="bbox 240 2511 1151 2581; baseline -0.005 -10"><span class='ocrx_word' id='word_1_170' title='bbox 240 2517 278 2571; x_wconf 86' lang='lat' dir='ltr'><strong>V:</strong></span> <span class='ocrx_word' id='word_1_171' title='bbox 299 2518 350 2581; x_wconf 80' lang='grc' dir='ltr'><strong>Εἰς</strong></span> <span class='ocrx_word' id='word_1_172' title='bbox 367 2516 399 2572; x_wconf 85' lang='grc' dir='ltr'><strong>τὸ</strong></span> <span class='ocrx_word' id='word_1_173' title='bbox 418 2514 487 2571; x_wconf 79' lang='grc' dir='ltr'><em>αὐτό</em></span> <span class='ocrx_word' id='word_1_174' title='bbox 509 2555 976 2572; x_wconf 89' lang='grc'><strong>..............</strong></span> <span class='ocrx_word' id='word_1_175' title='bbox 1057 2511 1151 2566; x_wconf 87' lang='lat' dir='ltr'>LXIV</span> 
     </span>
     <span class='ocr_line' id='line_1_34' title="bbox 239 2582 1149 2657; baseline -0.008 -14"><span class='ocrx_word' id='word_1_176' title='bbox 239 2587 291 2642; x_wconf 88' lang='lat' dir='ltr'><strong>VI:</strong></span> <span class='ocrx_word' id='word_1_177' title='bbox 310 2589 362 2652; x_wconf 84' lang='grc' dir='ltr'><strong>Εἰς</strong></span> <span class='ocrx_word' id='word_1_178' title='bbox 379 2588 430 2642; x_wconf 81' lang='grc' dir='ltr'><strong>τὸν</strong></span> <span class='ocrx_word' id='word_1_179' title='bbox 449 2595 559 2657; x_wconf 80' lang='grc' dir='ltr'><strong><em>σωτῆρα</em></strong></span> <span class='ocrx_word' id='word_1_180' title='bbox 581 2627 979 2644; x_wconf 89' lang='grc'><strong>............</strong></span> <span class='ocrx_word' id='word_1_181' title='bbox 1058 2582 1149 2636; x_wconf 84' lang='lat' dir='ltr'>XCVI</span> 
     </span>
     <span class='ocr_line' id='line_1_35' title="bbox 240 2652 1149 2723; baseline -0.007 -9"><span class='ocrx_word' id='word_1_182' title='bbox 240 2658 304 2714; x_wconf 88' lang='lat' dir='ltr'>VII:</span> <span class='ocrx_word' id='word_1_183' title='bbox 324 2660 375 2723; x_wconf 82' lang='grc' dir='ltr'><strong>Εἰς</strong></span> <span class='ocrx_word' id='word_1_184' title='bbox 393 2659 442 2714; x_wconf 85' lang='grc' dir='ltr'><strong>τὸν</strong></span> <span class='ocrx_word' id='word_1_185' title='bbox 461 2656 547 2712; x_wconf 75' lang='grc' dir='ltr'><strong><em>αὐτόν</em></strong></span> <span class='ocrx_word' id='word_1_186' title='bbox 580 2697 978 2713; x_wconf 88' lang='grc'><strong>............</strong></span> <span class='ocrx_word' id='word_1_187' title='bbox 1045 2652 1149 2708; x_wconf 79' lang='lat' dir='ltr'>XCVII</span> 
     </span>
    </p>
   </div>
   <div class='ocr_carea' id='block_1_3' title="bbox 446 2801 469 2853">
    <p class='ocr_par' dir='ltr' id='par_1_3' title="bbox 446 2801 469 2853">
     <span class='ocr_line' id='line_1_36' title="bbox 446 2801 469 2853; baseline 0 -13"><span class='ocrx_word' id='word_1_188' title='bbox 446 2801 469 2853; x_wconf 57' lang='lat' dir='ltr'><strong>e</strong></span> 
     </span>
    </p>
   </div>
   <div class='ocr_carea' id='block_1_4' title="bbox 0 0 1200 3870">
    <p class='ocr_par' dir='ltr' id='par_1_4' title="bbox 0 0 1200 3870">
     <span class='ocr_line' id='line_1_37' title="bbox 0 0 1200 3870; baseline 0 0"><span class='ocrx_word' id='word_1_189' title='bbox 0 0 1200 3870; x_wconf 95' lang='lat' dir='ltr'><strong> </strong></span> 
     </span>
    </p>
   </div>
  </div>
 </body>
</html>
