2392 3870
382 714 576 788 CLAVDII
604 714 873 788 cervulum

315 857 378 929 DE
406 856 568 929 RAPTV
596 857 954 933 PROSERPINAE.

510 1034 746 1097 PRAEFATIO.

555 1169 694 1240 (11111111.)

119 1279 254 1343 Inventa
278 1278 381 1341 secuit
403 1278 528 1378 primus
553 1278 608 1360 qui
630 1300 711 1342 nave
733 1278 939 1362 profimdum
981 1290 986 1299 '

164 1368 208 1431 nt
232 1367 366 1431 rudibus
389 1366 487 1455 remis
511 1366 633 1430 sollicit
619 1366 702 1431 tavit
725 1388 840 1452 aquas,

120 1456 182 1533 qui
206 1456 312 1520 dubiis
336 1478 433 1518 ausus
457 1455 589 1519 commit
590 1459 658 1519 tere
680 1456 738 1519 flat
739 1454 813 1519 ibus
836 1456 957 1523 alnum

165 1543 251 1621 Quas
274 1548 391 1609 natura
412 1544 775 1629 negatpraebuitarte
797 1542 880 1608 vias:

120 1633 319 1716 Tranquillis
342 1632 482 1717 primum
505 1632 651 1716 trepidus
676 1654 710 1697 11
733 1632 868 1696 credidit
890 1634 1000 1700 undis
1136 1656 1150 1703 a

165 1721 278 1785 Litora
302 1744 414 1785 securo
437 1721 567 1784 tramite
592 1743 716 1785 summa
738 1722 863 1807 legens3

120 1809 198 1873 Mox
221 1811 375 1896 lengost
377 1815 464 1960 empt
466 1832 519 1873 are
543 1810 689 1873 sinust
656 1814 689 1874 11
712 1810 857 1895 linquere
880 1814 997 1877 terras

166 1899 210 1960 Et
233 1899 298 1961 leni
322 1899 427 1981 coepit
450 1898 589 1982 pandere
611 1898 683 1963 vela
705 1898 803 1963 Note.

121 1985 185 2049 Ast
207 1985 264 2049 ubi
286 1987 444 2069 paulatim
399 2009 618 2070 impraeceps
641 1987 774 2051 audacia
796 1987 897 2051 crevit

170 2072 337 2156 Gordaque
361 2074 568 2159 languentem
592 2076 769 2139 dedidicere
791 2079 931 2163 metum,
1121 2086 1154 2147 te

123 2161 192 2225 Iam
215 2185 317 2249 vagus
340 2162 496 2245 imumpit
519 2165 654 2250 pelagus
678 2165 864 2247 caelumque
888 2172 1036 2235 secutus

168 2252 313 2338 Aegaeas
336 2252 457 2315 hiemes
480 2250 671 2336 Ioniumque
695 2253 812 2316 domat.

481 2471 603 2528 LIBER
625 2470 783 2530 PRIMVS.

559 2603 705 2674 (11111111.)

168 2712 291 2775 Inferni
313 2713 455 2796 raptoris
478 2734 579 2795 equos
602 2713 784 2796 adflataque
806 2733 904 2777 curru

126 2800 237 2864 Sidera
260 2800 417 2864 Taenario
440 2801 681 2887 caligantesque
703 2800 882 2885 profundae

126 2888 261 2954 Iunonis
284 2889 446 2953 thalamos
470 2889 583 2952 audaci
605 2912 752 2974 promere
776 2893 873 2953 cantu

124 2977 217 3040 Mens
241 2983 394 3064 congesta
360 2978 516 3042 tiubet.
555 2976 692 3041 Gressus
715 2982 877 3042 removete
899 2982 1058 3063 profani

125 3063 195 3128 Iam
218 3066 309 3130 furor
331 3066 489 3130 humanos
513 3071 626 3130 nostro
651 3067 841 3151 depectere
864 3088 1035 3135 sensus.
1101 3074 1106 3081 '

124 3153 262 3237 Expulit
285 3160 317 3218 et
339 3158 446 3218 tetum
469 3156 594 3239 spirant
616 3155 803 3238 praecordia
824 3154 1019 3247 Phoebum3

125 3241 195 3306 Iam
218 3242 299 3305 mihi
323 3247 497 3307 cernuntur
520 3243 655 3327 trepidis
680 3244 813 3308 delubra
835 3246 965 3311 moveri

125 3331 319 3395 Sedibust
287 3335 319 3394 et
343 3331 461 3394 claram
485 3332 668 3431 dispergere
690 3332 804 3396 limina
826 3332 934 3397 lucem

124 3419 309 3484 Adventum
332 3422 416 3482 ttesa
418 3419 571 3506 tadei3
562 3442 627 3485 11111
650 3443 787 3507 magnus
811 3420 885 3484 ab
875 3422 956 3501 rmis

165 3722 238 3740 *-
