2392 3870
135 149 201 213 274
461 146 608 202 aaaron
627 146 825 202 CLAVDIANI

134 312 286 400 Pingitur
309 316 505 377 ettenorum
529 309 642 396 vagitu
666 309 794 395 despuit
815 309 940 397 ignom.

133 404 239 466 Laeva
263 406 355 485 parte
379 423 470 465 soror
493 400 588 463 vitrei
611 398 767 463 libamina
789 403 885 484 potat

135 491 252 555 Vberis
276 495 308 554 01
332 512 431 574 parvo
456 490 605 575 signatur
627 492 774 572 tempora
797 510 907 553 cornu.

201 580 272 643 Tali
295 579 438 642 luxuriat
462 579 560 643 cultu.
599 575 803 641 Comitantur
826 581 964 643 euntem
1134 601 1162 650 55

133 669 255 732 Naides
279 672 310 731 01
335 667 422 731 socia
446 667 568 750 stipant
592 666 755 749 utrimque
778 669 923 752 caterva,

135 758 222 834 Quae
246 756 367 840 fontes,
392 755 531 839 Crinise,
554 759 630 818 tuos
653 758 686 819 et
710 777 787 818 saxa
810 759 981 821 rotantem

133 845 327 930 Pantagiam
349 866 530 927 nomenque
555 843 668 908 Gelam
692 844 747 927 qui
769 843 924 928 praebuit
947 847 1032 912 urbi

136 934 383 1018 Concelebrant‚
407 954 487 1015 quas
510 933 605 1018 pigra
627 932 709 996 vado
734 932 902 997 Camerina
926 935 1093 1026 palustri,

135 1023 220 1100 Quas
243 1021 437 1086 Arethusaei
459 1022 586 1106 latices,
610 1043 690 1105 quas
714 1021 835 1086 advena
857 1023 969 1088 nutrit
1129 1046 1157 1095 so

132 1112 279 1196 Alpheus
303 1110 427 1198 (Cyane
449 1114 557 1174 totum
580 1110 797 1194 supereminet
821 1109 971 1199 agmen):

134 1201 245 1277 Qualis
268 1200 502 1264 Amazonidum
525 1199 622 1283 peltis
645 1200 770 1264 exultat
793 1200 928 1264 aduncis

132 1290 273 1354 Pulchra
297 1288 427 1374 cohors,
451 1288 601 1371 quotiens
624 1286 750 1352 Arcton
772 1289 930 1373 populata
954 1291 1080 1382 virago

132 1379 311 1463 Hippolyte
334 1379 446 1441 niveas
470 1377 557 1440 ducit
580 1380 655 1461 post
677 1378 803 1462 proelia
824 1383 967 1465 turmas,

134 1467 197 1533 Seu
220 1469 322 1531 flavos
346 1471 487 1530 stravere
512 1465 610 1530 Getas
635 1488 691 1530 seu
714 1467 798 1530 forte
821 1467 988 1554 rigentem
1128 1490 1155 1540 aa

132 1556 421 1620 Thermodontiaca
444 1555 579 1618 Tanaim
602 1556 727 1641 fregere
750 1556 867 1641 securi;

131 1645 199 1709 Aut
223 1646 334 1727 quales
358 1646 500 1709 refenmt
523 1644 651 1708 Baccho
676 1645 844 1708 sollemnia
866 1643 1054 1731 Nymphae

131 1733 312 1819 Maeoniae,
336 1756 416 1816 quas
439 1733 580 1796 Hormus
604 1733 677 1819 alit,
700 1733 850 1817 ripasque
872 1739 1040 1817 paternas

130 1822 327 1886 Percurnmt
351 1845 430 1886 auro
453 1821 612 1886 madidae:
636 1822 776 1885 lactatur
798 1823 833 1888 in
856 1827 954 1887 antro

130 1910 247 1975 Amnis
271 1916 302 1974 et
326 1912 501 1974 undantem
525 1910 664 1974 declinat
687 1911 842 1998 prodigus
864 1934 995 1980 urnam.
1128 1938 1158 1987 ro

197 2000 332 2062 Viderat
356 2000 495 2062 herboso
520 2021 645 2063 sacrum
670 1999 707 2063 de
730 2001 848 2064 vertice
871 2001 998 2088 vulgus

130 2089 246 2151 Henna
269 2110 385 2170 parens
408 2089 525 2150 florum
549 2110 709 2172 curvaque
733 2090 768 2153 in
789 2090 874 2153 valle
897 2091 1079 2162 sedentem

132 2176 312 2259 CompeHat
335 2175 531 2259 Zephyrum:
556 2177 665 2241 ‘Pater
688 2201 707 2242 0
731 2177 916 2264 gratissime
942 2184 1053 2273 veris,

131 2265 192 2342 Qni
217 2288 287 2329 mea
310 2265 430 2329 lascivo
454 2288 570 2351 regnas
594 2288 651 2349 per
673 2273 768 2351 prata
790 2271 899 2330 meatu

129 2354 261 2438 Semper
284 2359 316 2418 et
340 2354 483 2417 adsiduis
506 2355 631 2418 inroras
654 2357 787 2420 flatibus
810 2378 947 2442 annum,
1128 2380 1158 2431 ‘15

127 2444 264 2528 Respice
287 2443 513 2528 Nympharum
537 2447 647 2507 coetus
671 2449 703 2508 01
727 2447 812 2510 celsa
834 2445 999 2512 Tonantis

129 2532 281 2596 Germina
303 2556 361 2617 per
383 2537 514 2597 nostros
539 2532 706 2618 dignantia
729 2534 838 2598 ludere
861 2556 1009 2618 campos.

126 2621 223 2685 Nunc
247 2622 334 2684 adsis
357 2623 543 2704 faveasque,
566 2643 693 2707 precor3
715 2645 802 2687 nunc
825 2622 935 2687 omnia
960 2626 1040 2694 fetu

125 2709 309 2772 Pubescant
332 2711 475 2796 virgulta
498 2710 593 2794 velia,
615 2714 652 2774 ut
676 2711 794 2776 fertilis
816 2711 929 2795 Hybla

126 2797 272 2861 Invideat
294 2799 443 2882 vincique
468 2821 543 2862 suos
566 2820 634 2863 non
656 2800 777 2864 abnuat
799 2801 922 2864 hortos.
1125 2826 1157 2876 so

126 2886 290 2968 Quidquid
312 2888 456 2950 turiferis
480 2887 582 2970 spirat
604 2887 767 2953 Panchaia
791 2889 896 2974 silvis,

126 2974 289 3057 Quidquid
312 2976 466 3039 odoratus
488 2976 585 3061 longe
608 2977 774 3042 blanditur
796 2977 987 3067 Hydaspes3

125 3062 288 3145 Quidquid
311 3065 351 3127 ab
375 3065 526 3128 extremis
550 3065 616 3128 ales
640 3066 797 3153 longaeva
820 3067 946 3131 colonis

125 3150 265 3235 Colligit.
283 3157 395 3236 optato
419 3158 566 3237 repetens
591 3155 721 3218 exordia
744 3156 824 3241 leto,

122 3236 162 3301 In
184 3261 282 3302 venas
306 3241 454 3327 disperge
477 3264 564 3305 meas
589 3247 620 3306 et
643 3245 773 3308 flamine
796 3244 888 3330 largo
1124 3270 1156 3322 35

122 3327 211 3390 Rura
234 3329 315 3393 fove.
352 3330 477 3393 Merear
501 3330 608 3395 divino
632 3332 750 3415 pollice
774 3333 862 3415 carpi

194 3524 229 3572 84
249 3519 320 3590 1010]
340 3522 490 3592 Heiastns;
509 3526 592 3579 seclo.
