2392 3870
85 178 202 234 XXXVI
356 175 640 232 ADNOTATIONES
660 175 833 231 CRITICAE.

156 339 255 407 poeta,
283 337 337 392 hoc
365 335 575 405 exprimendum
604 336 704 391 fuisse:
733 335 806 391 sicut
831 335 932 390 Honor
960 337 1049 392 ambit
1071 340 1093 391 et
1134 388 1136 399 ,

155 407 279 477 vestigat
292 407 434 461 Virtutem
449 407 601 475 consulque
614 408 676 476 ipse
689 409 722 461 ia
735 409 831 462 mediis
845 411 993 477 quaesitus
1006 411 1094 464 666666

157 478 268 547 dicitur,
288 478 331 531 ita
344 478 428 533 lictor
443 494 552 546 quoque
566 477 631 544 fuit,
650 477 698 547 qui
711 477 866 547 vestigavit
882 478 1009 534 ambivit
1023 495 1093 548 quae

156 549 224 604 sivit
243 549 387 603 consulem
405 548 543 613 futurum3
573 564 639 618 ergo
663 565 720 602 non
743 567 762 603 6
779 565 844 604 ruere
866 552 1032 618 revertens,
1056 551 1094 604 ssd

156 622 193 676 ad
211 638 280 676 6666
297 618 477 689 proficiscens
496 618 671 672 inducendus
690 618 753 674 fuit.

104 698 136 746 15
155 692 265 762 honori]
285 690 384 760 scripsi
402 689 525 743 Rittium
544 691 664 758 secutus,
683 706 740 744 non
753 691 867 759 666666·
886 707 957 745 nam
972 694 1094 748 6616661

153 765 254 818 666666
273 760 394 816 ablativi
410 761 502 815 vicem
516 761 620 814 habere
636 763 787 829 nequeunt,
806 762 874 828 quia
890 762 1038 832 ablativus
1054 779 1094 834 666

155 850 190 887 ex
203 834 276 887 66161
294 833 420 902 pendens
435 831 585 886 antecedit.
613 830 703 885 virtus
718 833 814 903 ntem
828 831 919 886 animi
933 834 1042 888 bonum
1055 837 1094 900 est,

155 903 288 974 splendor
306 902 429 957 honoris.

105 979 138 1030 18
157 975 278 1044 6666666]
293 973 354 1027 iure
368 973 475 1027 tradita
488 971 609 1026 lectione
626 973 727 1028 Tremit
740 970 794 1026 viri
809 973 888 1026 docti
902 975 1018 1030 turbati
1031 978 1093 1037 6666

156 1062 223 1098 nam
236 1047 295 1100 6666
309 1045 419 1098 traxit
432 1046 484 1099 iter
499 1059 589 1111 neque
604 1060 638 1097 ex
651 1061 704 1097 usu
719 1043 854 1112 seriptum
869 1046 916 1098 est
928 1063 1026 1116 neque
1040 1046 1094 1101 satis

159 1116 367 1182 convenientem
392 1113 467 1167 inest
491 1114 565 1168 enim
591 1114 740 1184 despectus
758 1113 789 1166 in
806 1131 883 1169 voce.
919 1116 957 1171 de
979 1117 1095 1172 emende-

156 1185 244 1240 tionis
263 1201 348 1252 quam
372 1184 546 1239 conabantur
568 1185 722 1254 propositis
744 1185 809 1238 vide
826 1184 966 1255 Hirtium,
991 1205 1095 1258 quorum

156 1255 267 1310 nullum
289 1255 477 1324 persuadendi
500 1255 558 1309 vim
581 1256 685 1309 habere
711 1255 783 1309 mihi
807 1256 975 1328 videbatur,
1005 1260 1094 1330 quippe

158 1345 222 1382 cum
236 1343 253 1380 a
267 1326 372 1380 litteris
386 1326 500 1380 traditis
519 1325 603 1379 nimis
620 1327 760 1381 abessent.
792 1329 891 1381 contra
905 1328 1022 1387 6666616
1034 1328 1095 1399 quod

157 1397 257 1467 scripsi
273 1398 400 1468 proxime
420 1399 456 1451 ad
474 1397 626 1451 lectionem
648 1398 793 1467 vulgarem
817 1397 930 1453 accedit
954 1403 987 1454 et
1008 1401 1095 1471 proba

156 1469 299 1525 bilitatem
327 1469 405 1538 capit
430 1487 464 1522 ex
487 1467 677 1522 locutionibus
702 1467 841 1522 similibus
868 1470 949 1539 apud
974 1472 1095 1527 Senecam

156 1541 270 1610 Thyest.
291 1545 343 1594 810
365 1541 566 1607 6166661666,
591 1539 667 1608 apud
689 1538 811 1592 Plinium
833 1555 938 1610 paneg.
960 1548 1095 1598 616666

156 1611 468 1667 66666666666661166
486 1612 551 1666 iter
572 1611 609 1665 66
628 1611 726 1666 666666
742 1611 860 1678 famam,
879 1612 960 1681 apud
978 1613 1094 1670 Tacitum

156 1681 342 1748 Η166.1Π49,
358 1689 373 1734 2
392 1683 466 1736 66666
484 1681 538 1735 sibi
555 1683 593 1735 66
607 1683 760 1750 potentiam
776 1686 888 1736 struere.

105 1757 140 1806 69
159 1751 195 1804 66
213 1751 266 1804 hoc
284 1767 366 1804 versu
385 1751 450 1805 vide
469 1767 541 1819 quae
559 1751 656 1805 monui
673 1751 704 1804 in
723 1750 846 1806 editione
865 1769 981 1821 magna.

107 1827 140 1875 66
160 1821 289 1892 imponit]
309 1822 403 1874 confer
421 1820 463 1874 Bi.
482 1821 605 1876 indicem
624 1840 645 1877 s.
659 1841 685 1876 v.
899 1846 901 1851 ·

105 1898 140 1946 67
159 1893 272 1962 secreta]
293 1891 454 1945 offensionis
472 1891 544 1945 nihil
563 1892 650 1946 habet
668 1892 732 1948 coll.
751 1910 776 1948 v.
792 1898 826 1946 84
845 1893 1000 1951 (66666666
1013 1899 1093 1952 obses

158 1980 206 2018 ras
226 2005 231 2015 .
248 2005 254 2016 .
270 2006 275 2017 .
296 1969 376 2029 66666,
396 1961 456 2015 Stil.
472 1962 647 2019 1666666666
660 1962 919 2032 Β616,Ρ11611Η166.
935 1965 1006 2022 Nat.
1020 1967 1056 2037 pf.
1069 1969 1092 2019 11

158 2051 192 2090 ca
216 2035 328 2088 lectione
354 2034 535 2100 6616666666,
564 2051 679 2104 quorum
701 2052 795 2105 pauca
818 2036 969 2091 admodum
991 2036 1094 2094 studiosi

160 2107 303 2175 attiupusnt
316 2111 456 2175 propter
473 2112 634 2160 66666666
652 2107 819 2161 materiae.

109 2180 142 2229 69
162 2176 285 2245 6666666]
305 2191 340 2228 66
359 2174 420 2242 quis
440 2177 568 2246 66966666
590 2175 706 2242 inferat,
731 2174 893 2229 meminerit
912 2193 1001 2244 quarn
1022 2191 1094 2248 parce

161 2244 1094 2316 GraecisvocabulisusussitClaudianuschipraei.p.VIIIadu.4.

90 2317 266 2388 1666166666]
288 2318 340 2371 hoc
359 2319 457 2371 contra
475 2316 502 2369 V
519 2316 635 2384 retinui,
664 2317 714 2385 qui
736 2317 849 2384 qnidam
872 2319 970 2384 chaos;
999 2319 1095 2374 sedda

160 2386 243 2456 chao,
271 2387 410 2456 quomodo
435 2386 587 2455 impulsum
607 2389 657 2455 sit,
685 2388 805 2441 hicnon
824 2387 926 2441 disseri
946 2390 1042 2445 elucet
1061 2406 1095 2455 66,

150 2459 235 2527 quod
253 2459 324 2512 haec
343 2457 474 2527 quaestio
492 2461 619 2527 quaevis
637 2460 778 2528 impulerit
796 2458 936 2512 artissime
955 2477 1009 2529 per
1022 2478 1095 2530 copu-

160 2530 217 2582 lam
236 2548 286 2600 666
304 2546 377 2583 nexa
395 2531 439 2583 est
457 2529 617 2595 quaestioni
637 2528 816 2597 praecedenti
838 2546 907 2599 quoe
929 2532 974 2586 uis
997 2535 1096 2587 66166

158 2602 227 2656 uerit
246 2606 330 2654 astra.
362 2617 515 2667 numquam
533 2599 609 2652 enim
631 2616 734 2653 novam
756 2599 952 2666 quaestionem
977 2601 1034 2656 nisi
1055 2617 1096 2671 per

161 2670 318 2738 asyndeton
334 2672 421 2738 poeta
438 2669 554 2724 inducit.
587 2670 622 2724 66
642 2670 726 2723 astris
740 2672 834 2724 autem
848 2670 942 2725 666666
957 2672 1096 2742 aptissime

159 2739 228 2809 poni
245 2743 344 2793 notum
363 2742 407 2794 cst
425 2742 455 2794 66
473 2741 670 2794 conferendum
689 2740 774 2808 Nupt.
795 2740 867 2795 Hon.
884 2741 923 2810 pf.
939 2745 974 2795 16
995 2745 1025 2798 66
1043 2741 1096 2798 stit

160 2811 230 2866 184.
259 2810 406 2866 chororum
421 2813 514 2865 autem
529 2811 670 2865 mentione
685 2810 827 2866 indicatur
841 2811 858 2880 ἡ
873 2811 1008 2892 ἁρμονία,
1022 2829 1098 2883 quam

161 2881 191 2935 in
211 2880 349 2936 sideribus
374 2881 506 2935 animatis
530 2881 624 2935 valere
648 2899 671 2936 e.
685 2900 712 2951 g.
733 2881 816 2936 docet
832 2882 962 2937 Plotrnus
983 2885 1023 2938 IV
1036 2892 1066 2953 4,
1078 2889 1098 2938 6.

90 2956 142 3007 108
160 2953 266 3023 fracta]
285 2951 338 3005 hoc
355 2951 472 3006 verbum
491 2952 677 3006 audacissime
697 2951 821 3021 positum
838 2952 960 3006 Birtium
986 2954 1099 3022 seduxit

161 3025 192 3077 ut
211 3024 287 3090 facta
305 3038 339 3075 ex
357 3023 380 3076 B
400 3022 459 3076 solo
484 3022 647 3078 inculcaret.
684 3026 728 3076 cst
750 3027 844 3077 autem
873 3023 997 3080 audacia
1021 3026 1098 3080 haec:

160 3092 287 3149 tonitrua
306 3093 432 3148 oriuntur
451 3093 518 3146 dum
540 3093 628 3147 nubes
651 3092 792 3161 frangitur
814 3098 910 3160 vent03
938 3094 987 3149 hic
1011 3100 1099 3152 autem

161 3164 226 3234 ipsa
243 3163 369 3218 tonitrua
386 3167 471 3219 vento
485 3164 576 3218 fracta
591 3163 717 3231 audiunt,
735 3164 834 3232 inquo
849 3166 975 3219 cernitur
988 3167 1098 3236 putidus

161 3235 263 3304 poetae
281 3252 360 3289 amor
378 3235 473 3289 omnia
492 3233 685 3302 detorquendi.

64 3311 143 3360 ·109
165 3305 245 3376 Quis]
265 3305 436 3360 adventum
455 3305 503 3373 qui
524 3305 671 3374 praecedit
692 3305 860 3359 trahendum
883 3305 954 3360 mihi
977 3305 1100 3378 persuasi

161 3376 282 3447 ideoque
300 3375 555 3444 interpunctionem
573 3375 688 3430 mutari.

92 3451 142 3500 111
162 3448 261 3502 6661166
278 3448 392 3516 tractus]
413 3446 448 3499 de
466 3446 519 3499 hoc
538 3446 601 3501 loco
616 3445 720 3500 Birtius
739 3446 808 3500 haec
826 3463 936 3501 mecum
950 3447 1100 3504 communi·

162 3517 250 3572 cavit:
271 3517 402 3573 ‘fortasse
420 3517 571 3585 legendum
590 3534 686 3583 areus;
705 3519 780 3570 certe
797 3516 844 3570 hic
863 3518 940 3571 locus
959 3518 995 3574 de
1009 3519 1100 3590 pluvio
