2392 3870
263 129 385 199 (xum.)
404 128 442 182 uu
462 128 677 184 avuaorrvn
695 128 804 182 mana
822 128 968 184 rames
1081 129 1124 194 67

113 291 299 375 calcarique
323 291 418 356 sinas.
463 290 549 356 Nam
572 312 653 374 quae
676 289 740 354 iam
763 289 849 354 bella
871 312 1020 376 geramus

110 379 266 444 Mollibus
289 379 464 463 auspiciis?
490 401 570 462 quae
593 379 658 443 iam
680 379 818 443 conubia
840 379 964 461 prolem

109 468 172 533 Vel
195 469 322 554 frugem
345 469 451 533 latura
474 467 588 553 seges?
612 467 689 550 quid
711 467 817 531 fertile
840 468 951 553 terris,
1071 485 1125 537 495

111 556 194 633 Quid
216 557 348 640 plenum
371 556 474 621 sterili
496 555 601 639 possit
624 556 683 620 sub
708 556 839 620 consule
861 556 973 625 nasci?

109 645 261 709 Eunuchi
284 645 311 709 si
334 645 405 709 iura
428 645 551 709 dabunt
573 645 724 730 legesque
747 644 919 730 tenebunt,

109 733 238 798 Ducant
259 756 360 817 pensa
382 733 443 798 viri
466 737 655 816 mutatoque
679 733 790 797 ordine
811 754 919 797 rerum

108 821 207 887 Vivat
230 820 407 886 Amazonio
431 822 565 886 confusa
587 821 718 885 licentia
740 821 814 886 ritu.

176 909 272 988 ‘Quid
285 911 398 975 trahor
411 910 570 974 ulterius?
606 909 752 994 Stilicho,
771 909 849 993 quid
862 909 987 976 vincere
1006 912 1125 999 differs,

108 998 195 1062 Dum
219 1003 339 1064 certare
362 999 483 1083 pudet‘?
505 999 610 1063 neseis
634 998 721 1082 quod
743 997 869 1082 turpior
891 998 997 1065 hostis
1071 1020 1122 1068 501

108 1087 247 1151 Laetitia
269 1087 390 1151 maiore
413 1087 520 1152 cadit?
564 1086 705 1152 Piratica
727 1086 882 1173 Magnum

108 1175 230 1261 Erigit,
252 1176 407 1240 inlustrat
430 1175 556 1240 servilis
578 1175 688 1239 laurea
712 1174 872 1240 Crassum.

108 1263 242 1328 Adnuis.
287 1263 441 1350 Agnosco
464 1263 642 1349 fremitum,
666 1285 730 1346 quo
752 1264 870 1347 palluit
892 1263 1014 1350 EuruS,

109 1350 179 1427 Quo
202 1350 308 1416 Mauri
332 1351 490 1436 Gildoque
513 1353 588 1417 ruit.
634 1351 718 1428 Quid
739 1351 858 1416 Martia
881 1353 973 1438 signa
1070 1371 1123 1421 505

108 1439 294 1504 Sollicitas?
338 1440 415 1507 Non
438 1445 487 1506 est
509 1440 623 1506 iaculis
646 1440 789 1506 hastisve
811 1441 981 1524 petendus:

109 1526 244 1592 Conscia
267 1530 476 1594 succumbent
499 1529 609 1594 audito
632 1530 763 1594 verbere
785 1534 890 1616 terga,

106 1616 152 1680 Vt
176 1616 297 1700 Scytha
319 1622 394 1701 post
417 1619 539 1683 multos
561 1618 687 1683 rediens
711 1617 869 1683 exereitus
892 1640 1007 1706 annos,

108 1703 188 1769 (lum
212 1706 275 1769 sibi
298 1706 424 1770 servilis
446 1728 505 1791 pro
529 1706 648 1772 finibus
672 1707 767 1772 obvia
789 1708 892 1791 pubes

106 1791 173 1856 Iret
196 1798 228 1857 et
251 1798 372 1859 arceret
396 1794 543 1859 dominos
566 1796 681 1860 tellure
704 1817 863 1882 reversos,
1068 1815 1122 1866 510

106 1879 275 1945 Armatam
298 1882 437 1947 ostensis
460 1882 561 1948 aciem
583 1884 693 1950 fudere
716 1884 866 1971 flagellis:

106 1967 215 2033 Notus
238 1970 278 2033 ab
301 1970 438 2054 inceptis
461 1971 604 2058 ignobile
627 1973 769 2057 reppulit
791 1973 907 2038 horror

105 2056 234 2144 Vulgus
258 2062 290 2123 et
313 2059 458 2125 addictus
482 2061 542 2125 sub
566 2062 697 2126 verbere
720 2063 844 2146 torpuit
867 2062 973 2127 ensis’.

505 2293 718 2303 ——u-w—

430 2471 484 2541 ΙΝ
512 2471 794 2544 EVTROPIVM

289 2629 412 2688 LIBER
436 2628 652 2690 SECVNDVS.
698 2630 936 2692 PRAEFATIO.

564 2762 660 2832 (xm.)

103 2867 165 2944 Qui
187 2870 283 2934 modo
307 2869 462 2935 sublimes
484 2893 591 2935 rerum
613 2872 764 2938 flectebat
785 2873 926 2939 habenas

37 3018 41 3022 .
146 2957 320 3044 Patricius,
343 2981 471 3024 rursum
494 2961 627 3025 verbera
649 2965 728 3026 nota
750 2961 844 3028 timet

102 3045 147 3128 Et
171 3046 286 3111 solitos
309 3048 418 3112 tardae
440 3070 596 3132 passurus
619 3050 782 3134 compedis
805 3051 900 3115 orbes

146 3132 186 3198 ln
209 3134 357 3200 dominos
379 3159 478 3202 vanas
501 3137 592 3224 luget
615 3138 721 3203 abisse
746 3139 858 3204 minas.

103 3220 250 3287 Culmine
274 3224 430 3289 deiectum
453 3225 539 3290 vitae
561 3224 707 3292 Fortuna
728 3227 829 3311 priori

146 3309 311 3398 Reddidit,
333 3313 447 3378 insano
469 3314 535 3378 iam
558 3315 675 3379 satiata
698 3315 778 3380 ioco.

102 3397 253 3464 Scindere
274 3423 360 3466 nunc
383 3402 447 3466 alia
469 3402 643 3467 meditatur
665 3403 755 3490 ligna
778 3405 881 3469 securi

145 3486 303 3554 Fascibus
326 3494 358 3555 et
381 3491 511 3556 tandem
533 3491 665 3576 vapulat
687 3493 756 3577 ipse
780 3493 855 3558 suis.

875 3596 913 3648 blf·
