2392 3870
81 121 147 187 120
406 121 552 176 OLAVDII
570 119 770 176 CLAVDIANI

486 284 658 348 Dicturum
680 285 774 367 plura
796 287 963 367 parentem
1017 288 1019 292 ’

80 373 168 437 Voce
193 372 295 437 subis:
327 373 510 458 ‘Equidem
533 374 662 437 faveant
685 373 781 436 modo
804 372 936 435 numina
961 372 1100 459 coeptis,

81 461 170 526 Haec
193 462 306 525 effecta
328 460 425 547 dabo,
448 482 507 525 1133
529 483 580 525 1113
602 461 759 544 fratrique
783 461 907 543 tibique

82 549 282 615 Dissimilem
304 549 417 633 populi
441 549 675 633 commissaque
698 572 797 636 regna
820 549 983 613 videbunt,
1046 566 1099 616 355

84 638 146 703 Sed
169 659 226 701 cur
248 660 315 702 non
336 638 460 724 potius,
482 638 590 702 verbis
614 660 695 721 quae
719 638 863 723 disseris,
884 660 946 701 usu

83 725 265 810 Experior?
312 725 441 791 Gelidas
465 731 550 791 certe
572 749 658 791 nunc
680 727 786 791 tendis
809 727 844 790 in
866 725 975 810 Alpes.

83 816 155 880 Duo
177 818 284 879 tecum
308 815 470 901 comitem3
494 816 609 901 figant,
634 816 715 902 sine,
737 819 850 880 nostra
872 819 1047 899 tyrannum

84 903 228 988 Spicula3
250 903 406 986 pallescat
428 907 556 989 nostro,
580 904 661 990 sine,
684 904 842 968 barbarus
866 926 949 968 31311.

82 992 252 1057 Italiamne
275 993 377 1056 feram
399 991 493 1056 furiis
516 992 686 1076 praedonis
710 993 817 1056 acerbi
1045 1010 1098 1058 363

85 1080 292 1146 Subiectam‘?
314 1081 420 1165 patiar
442 1081 579 1146 Romam
604 1081 722 1146 servire
746 1081 877 1145 clienti?

83 1169 195 1253 Vsque
219 1169 339 1233 adeone
361 1169 462 1254 puer?
484 1191 544 1233 1133
566 1192 618 1234 me
640 1171 766 1254 polluta
789 1173 933 1254 potestas

83 1257 152 1324 Neo
174 1257 229 1342 pia
253 1258 383 1345 cognati
406 1262 518 1345 tanget
541 1259 683 1323 vindicta
706 1258 853 1323 cruoris?

83 1346 147 1411 Per
170 1351 295 1433 strages
319 1347 462 1431 equitare
486 1347 574 1412 libet.
619 1347 671 1412 Da
693 1347 842 1432 protinus
868 1369 964 1411 arma.

86 1435 151 1500 Cur
174 1457 276 1500 3111133
300 1436 424 1500 obicis?
446 1457 574 1524 pugnae
597 1458 654 1500 3111
677 1458 796 1522 arguor
818 1436 944 1520 impar?
1048 1453 1099 1503 335

84 1524 240 1608 Aequalis
262 1524 343 1589 mihi
365 1524 511 1609 Pyrrhus
534 1529 616 1610 erat,
640 1547 712 1589 oum
734 1524 893 1611 Pergama
917 1525 1005 1588 solus

83 1613 233 1677 Verteret
257 1617 289 1677 et
311 1614 397 1698 patri
419 1636 486 1678 non
508 1613 715 1700 degeneraret
737 1612 866 1678 Achilli.

84 1701 232 1784 Denique
256 1702 283 1764 si
305 1702 455 1786 princeps
479 1703 593 1766 castris
615 1703 746 1766 haerere
768 1702 923 1787 nequibo,

84 1789 147 1854 Vel
169 1789 262 1853 miles
285 1791 432 1855 veniam?

490 1879 622 1944 Delibat
645 1881 750 1944 dulcia
772 1881 841 1944 nati

87 1965 206 2031 Oscula
228 1965 428 2050 miratusque
451 1968 561 2032 refert:
585 1969 770 2032 ‘Laudanda
792 1969 917 2053 petisti3
1047 1987 1100 2035 310

88 2053 150 2120 Sed
173 2054 310 2118 festinus
334 2077 432 2120 amor.
477 2055 595 2120 Veniet
618 2058 784 2122 robustior
806 2063 908 2142 aetas3

85 2143 136 2209 Ne
159 2165 304 2226 propera.
349 2143 495 2208 Necdum
518 2144 656 2209 decimas
679 2168 826 2210 emensus
849 2146 966 2210 aristes

85 2230 281 2318 Adgrederis
304 2232 474 2296 metuenda
496 2233 587 2298 viris:
610 2235 748 2322 vestigia
771 2257 906 2321 magnae

85 2319 209 2385 ludolis
232 2342 382 2408 agnosco.
427 2320 544 2386 Fertur
564 2323 727 2410 Pellaeus,
748 2323 856 2388 Eoum

88 2407 149 2488 Qui
173 2409 297 2474 domuit
319 2409 453 2496 Porum,
477 2433 550 2475 311111
572 2434 726 2496 prospera
750 2435 844 2496 saepe
867 2412 1011 2498 Philippi
1048 2429 1100 2477 315

85 2497 234 2585 1111111131,
257 2500 360 2564 laetos
382 2499 468 2563 inter
489 2500 616 2565 flevisse
639 2501 766 2566 sodales

86 2587 144 2652 Nil
168 2588 231 2652 sibi
252 2589 444 2654 vincendum
466 2590 569 2672 patris
591 2590 711 2654 virtute
734 2589 881 2673 relinqui.

87 2675 158 2739 Hos
181 2676 273 2740 video
296 2681 413 2743 motus.
458 2676 522 2742 Fas
546 2678 589 2742 sit
611 2678 801 2762 promittere
823 2679 921 2762 patri:

87 2763 212 2828 Tantus
235 2765 306 2829 eris.
352 2764 475 2830 Nostro
498 2788 557 2830 nec
580 2766 676 2831 debes
699 2789 799 2854 regna
820 2767 941 2852 favori,

88 2852 176 2929 Quae
200 2852 262 2917 tibi
283 2853 349 2917 iam
371 2858 487 2918 natura
511 2855 605 2920 dedit.
652 2854 705 2920 Sic
728 2855 882 2920 mollibus
906 2856 984 2920 olim
1048 2873 1100 2922 380

88 2939 232 3006 Stridula
255 2942 425 3006 ducturum
448 2944 551 3027 pratis
573 2944 720 3008 examina
742 2966 851 3030 regem

85 3028 281 3095 Nascentem
303 3035 497 3096 venerantur
520 3055 596 3116 31133
619 3037 650 3097 et
672 3033 803 3116 publica
825 3033 931 3097 mellis

87 3117 163 3183 Iura
185 3122 301 3203 petunt
322 3119 518 3203 traduntque
540 3122 646 3207 favos3
670 3121 716 3185 sic
737 3144 857 3205 pascua
878 3145 998 3208 parvus

87 3206 239 3271 Vindicat
262 3212 294 3272 et
316 3208 452 3272 necdum
475 3210 611 3274 firmatis
635 3210 786 3274 cornibus
810 3211 914 3275 audax

87 3294 158 3360 Iam
180 3297 264 3382 regit
287 3300 468 3361 armentum
490 3299 621 3362 vitulus.
668 3297 731 3362 Sed
752 3299 875 3382 proelia
899 3299 991 3363 differ
1049 3316 1102 3365 335

87 3382 127 3449 ln
150 3385 297 3450 iuvenem
319 3385 510 3471 patiensque
533 3409 640 3452 meum
664 3410 737 3451 cum
759 3388 859 3451 fratre
882 3391 972 3453 tuere

86 3471 142 3537 Me
164 3473 306 3538 bellante
330 3475 445 3538 locum.
490 3474 559 3539 Vos
583 3476 762 3561 impacatus
785 3475 923 3563 Araxes,
1004 3485 1006 3489 '

182 3808 261 3821 A
