<?xml version="1.0" encoding="UTF-8"?>
<!DOCTYPE html PUBLIC "-//W3C//DTD XHTML 1.0 Transitional//EN"
    "http://www.w3.org/TR/xhtml1/DTD/xhtml1-transitional.dtd">
<html xmlns="http://www.w3.org/1999/xhtml" xml:lang="en" lang="en">
 <head>
  <title>
</title>
<meta http-equiv="Content-Type" content="text/html;charset=utf-8" />
  <meta name='ocr-system' content='tesseract 3.04.00' />
  <meta name='ocr-capabilities' content='ocr_page ocr_carea ocr_par ocr_line ocrx_word'/>
</head>
<body>
  <div class='ocr_page' id='page_1' title='image "./claudiiclaudian03claugoog_0292.png"; bbox 0 0 2392 3870; ppageno 0'>
   <div class='ocr_carea' id='block_1_1' title="bbox 112 129 1124 236">
    <p class='ocr_par' dir='ltr' id='par_1_1' title="bbox 112 129 1124 236">
     <span class='ocr_line' id='line_1_1' title="bbox 112 129 1124 236; baseline 0.003 -24"><span class='ocrx_word' id='word_1_1' title='bbox 112 157 313 213; x_wconf 78' lang='lat' dir='ltr'>clunium</span> <span class='ocrx_word' id='word_1_2' title='bbox 329 155 505 211; x_wconf 81' lang='lat' dir='ltr'>muonvu</span> <span class='ocrx_word' id='word_1_3' title='bbox 518 129 790 226; x_wconf 75' lang='lat' dir='ltr'>ooaerscvnvu</span> <span class='ocrx_word' id='word_1_4' title='bbox 805 174 828 214; x_wconf 73' lang='grc' dir='ltr'>ο.</span> <span class='ocrx_word' id='word_1_5' title='bbox 842 157 1028 236; x_wconf 83' lang='lat' dir='ltr'>xm-xvu.</span> <span class='ocrx_word' id='word_1_6' title='bbox 1060 160 1124 225; x_wconf 73' lang='lat'>221</span> 
     </span>
    </p>
   </div>
   <div class='ocr_carea' id='block_1_2' title="bbox 27 319 1160 1914">
    <p class='ocr_par' dir='ltr' id='par_1_2' title="bbox 113 319 904 406">
     <span class='ocr_line' id='line_1_2' title="bbox 113 319 904 406; baseline -0.001 -20"><span class='ocrx_word' id='word_1_7' title='bbox 113 319 294 386; x_wconf 78' lang='lat' dir='ltr'>Grandaevi</span> <span class='ocrx_word' id='word_1_8' title='bbox 316 319 443 406; x_wconf 87' lang='lat' dir='ltr'>gemina</span> <span class='ocrx_word' id='word_1_9' title='bbox 467 319 620 387; x_wconf 87' lang='lat' dir='ltr'>sublimes</span> <span class='ocrx_word' id='word_1_10' title='bbox 642 320 733 405; x_wconf 90' lang='lat' dir='ltr'>prole</span> <span class='ocrx_word' id='word_1_11' title='bbox 756 319 904 385; x_wconf 79' lang='lat' dir='ltr'>ferrmtur</span> 
     </span>
    </p>

    <p class='ocr_par' dir='ltr' id='par_1_3' title="bbox 34 409 745 492">
     <span class='ocr_line' id='line_1_3' title="bbox 34 409 745 492; baseline 0.001 -20"><span class='ocrx_word' id='word_1_12' title='bbox 34 414 41 434; x_wconf 91' lang='lat'><em>&#39;</em></span> <span class='ocrx_word' id='word_1_13' title='bbox 156 409 202 473; x_wconf 83' lang='lat' dir='ltr'>Et</span> <span class='ocrx_word' id='word_1_14' title='bbox 226 431 299 472; x_wconf 87' lang='lat' dir='ltr'>cara</span> <span class='ocrx_word' id='word_1_15' title='bbox 320 413 415 473; x_wconf 88' lang='lat' dir='ltr'>natos</span> <span class='ocrx_word' id='word_1_16' title='bbox 438 409 624 492; x_wconf 79' lang='lat' dir='ltr'>implicuere</span> <span class='ocrx_word' id='word_1_17' title='bbox 647 431 745 473; x_wconf 87' lang='lat' dir='ltr'>mora.</span> 
     </span>
    </p>

    <p class='ocr_par' dir='ltr' id='par_1_4' title="bbox 112 497 1124 673">
     <span class='ocr_line' id='line_1_4' title="bbox 112 497 1022 583; baseline 0.001 -20"><span class='ocrx_word' id='word_1_18' title='bbox 112 498 229 564; x_wconf 83' lang='lat' dir='ltr'>Nonne</span> <span class='ocrx_word' id='word_1_19' title='bbox 252 498 354 583; x_wconf 81' lang='lat' dir='ltr'>vides,</span> <span class='ocrx_word' id='word_1_20' title='bbox 376 501 413 561; x_wconf 88' lang='lat' dir='ltr'>ut</span> <span class='ocrx_word' id='word_1_21' title='bbox 436 519 530 562; x_wconf 85' lang='lat' dir='ltr'>saeva</span> <span class='ocrx_word' id='word_1_22' title='bbox 553 519 650 562; x_wconf 85' lang='lat' dir='ltr'>senex</span> <span class='ocrx_word' id='word_1_23' title='bbox 672 497 818 562; x_wconf 90' lang='lat' dir='ltr'>incendia</span> <span class='ocrx_word' id='word_1_24' title='bbox 841 500 1022 564; x_wconf 80' lang='lat' dir='ltr'>monstret?</span> 
     </span>
     <span class='ocr_line' id='line_1_5' title="bbox 157 582 1124 673; baseline 0.004 -22"><span class='ocrx_word' id='word_1_25' title='bbox 157 586 203 651; x_wconf 83' lang='lat' dir='ltr'>Vt</span> <span class='ocrx_word' id='word_1_26' title='bbox 226 586 351 671; x_wconf 88' lang='lat' dir='ltr'>trepido</span> <span class='ocrx_word' id='word_1_27' title='bbox 375 587 522 673; x_wconf 78' lang='lat' dir='ltr'>genetrix</span> <span class='ocrx_word' id='word_1_28' title='bbox 543 586 672 651; x_wconf 78' lang='lat' dir='ltr'>invocet</span> <span class='ocrx_word' id='word_1_29' title='bbox 696 608 750 651; x_wconf 88' lang='lat' dir='ltr'>ore</span> <span class='ocrx_word' id='word_1_30' title='bbox 773 587 871 652; x_wconf 78' lang='lat' dir='ltr'>deos?</span> <span class='ocrx_word' id='word_1_31' title='bbox 1062 582 1065 588; x_wconf 46' lang='lat'><strong>⁴</strong></span> <span class='ocrx_word' id='word_1_32' title='bbox 1091 605 1124 655; x_wconf 88' lang='lat'>10</span> 
     </span>
    </p>

    <p class='ocr_par' dir='ltr' id='par_1_5' title="bbox 27 675 996 848">
     <span class='ocr_line' id='line_1_6' title="bbox 27 675 996 764; baseline 0.003 -26"><span class='ocrx_word' id='word_1_33' title='bbox 27 729 32 738; x_wconf 92' lang='lat'><strong><em>.</em></strong></span> <span class='ocrx_word' id='word_1_34' title='bbox 111 675 226 739; x_wconf 82' lang='lat' dir='ltr'>Erexit</span> <span class='ocrx_word' id='word_1_35' title='bbox 249 675 386 740; x_wconf 85' lang='lat' dir='ltr'>formido</span> <span class='ocrx_word' id='word_1_36' title='bbox 408 697 547 761; x_wconf 85' lang='lat' dir='ltr'>comam,</span> <span class='ocrx_word' id='word_1_37' title='bbox 568 697 689 760; x_wconf 89' lang='lat' dir='ltr'>perque</span> <span class='ocrx_word' id='word_1_38' title='bbox 713 698 806 740; x_wconf 90' lang='lat' dir='ltr'>omne</span> <span class='ocrx_word' id='word_1_39' title='bbox 829 676 996 764; x_wconf 89' lang='lat' dir='ltr'>metallum</span> 
     </span>
     <span class='ocr_line' id='line_1_7' title="bbox 157 763 869 848; baseline 0.001 -20"><span class='ocrx_word' id='word_1_40' title='bbox 157 763 263 829; x_wconf 90' lang='lat' dir='ltr'>Fusus</span> <span class='ocrx_word' id='word_1_41' title='bbox 286 765 320 828; x_wconf 93' lang='lat' dir='ltr'>in</span> <span class='ocrx_word' id='word_1_42' title='bbox 343 765 483 829; x_wconf 86' lang='lat' dir='ltr'>attonito</span> <span class='ocrx_word' id='word_1_43' title='bbox 506 764 624 848; x_wconf 91' lang='lat' dir='ltr'>palluit</span> <span class='ocrx_word' id='word_1_44' title='bbox 647 787 718 828; x_wconf 92' lang='lat' dir='ltr'>aere</span> <span class='ocrx_word' id='word_1_45' title='bbox 741 768 869 830; x_wconf 92' lang='lat' dir='ltr'>tremor.</span> 
     </span>
    </p>

    <p class='ocr_par' dir='ltr' id='par_1_6' title="bbox 112 851 992 937">
     <span class='ocr_line' id='line_1_8' title="bbox 112 851 992 937; baseline 0.002 -20"><span class='ocrx_word' id='word_1_46' title='bbox 112 851 152 917; x_wconf 91' lang='lat' dir='ltr'>In</span> <span class='ocrx_word' id='word_1_47' title='bbox 173 853 324 919; x_wconf 85' lang='lat' dir='ltr'>iuvenum</span> <span class='ocrx_word' id='word_1_48' title='bbox 347 853 499 918; x_wconf 82' lang='lat' dir='ltr'>membris</span> <span class='ocrx_word' id='word_1_49' title='bbox 523 853 686 918; x_wconf 91' lang='lat' dir='ltr'>animosus</span> <span class='ocrx_word' id='word_1_50' title='bbox 710 853 851 917; x_wconf 88' lang='lat' dir='ltr'>cernitur</span> <span class='ocrx_word' id='word_1_51' title='bbox 876 853 992 937; x_wconf 84' lang='lat' dir='ltr'>horror</span> 
     </span>
    </p>

    <p class='ocr_par' dir='ltr' id='par_1_7' title="bbox 94 941 894 1028">
     <span class='ocr_line' id='line_1_9' title="bbox 94 941 894 1028; baseline 0.001 -22"><span class='ocrx_word' id='word_1_52' title='bbox 94 982 97 990; x_wconf 93' lang='lat'>·</span> <span class='ocrx_word' id='word_1_53' title='bbox 122 941 128 953; x_wconf 86' lang='lat'><em>&#39;</em></span> <span class='ocrx_word' id='word_1_54' title='bbox 156 941 265 1028; x_wconf 86' lang='lat' dir='ltr'>Atque</span> <span class='ocrx_word' id='word_1_55' title='bbox 289 942 378 1006; x_wconf 90' lang='lat' dir='ltr'>oneri</span> <span class='ocrx_word' id='word_1_56' title='bbox 400 947 546 1007; x_wconf 90' lang='lat' dir='ltr'>metuens</span> <span class='ocrx_word' id='word_1_57' title='bbox 568 942 812 1026; x_wconf 81' lang='lat' dir='ltr'>impavidusque</span> <span class='ocrx_word' id='word_1_58' title='bbox 835 943 894 1007; x_wconf 90' lang='lat' dir='ltr'>sui.</span> 
     </span>
    </p>

    <p class='ocr_par' dir='ltr' id='par_1_8' title="bbox 112 1027 1124 1205">
     <span class='ocr_line' id='line_1_10' title="bbox 112 1027 1124 1114; baseline 0.004 -19"><span class='ocrx_word' id='word_1_59' title='bbox 112 1031 261 1096; x_wconf 87' lang='lat' dir='ltr'>Reiectae</span> <span class='ocrx_word' id='word_1_60' title='bbox 283 1036 380 1095; x_wconf 81' lang='lat' dir='ltr'>vento</span> <span class='ocrx_word' id='word_1_61' title='bbox 404 1027 597 1114; x_wconf 78' lang='lat' dir='ltr'>chlamydes,</span> <span class='ocrx_word' id='word_1_62' title='bbox 632 1031 788 1095; x_wconf 86' lang='lat' dir='ltr'>Dextram</span> <span class='ocrx_word' id='word_1_63' title='bbox 811 1033 912 1096; x_wconf 87' lang='lat' dir='ltr'>exerit</span> <span class='ocrx_word' id='word_1_64' title='bbox 934 1033 990 1096; x_wconf 92' lang='lat' dir='ltr'>ille</span> <span class='ocrx_word' id='word_1_65' title='bbox 1092 1052 1124 1099; x_wconf 83' lang='lat'>15</span> 
     </span>
     <span class='ocr_line' id='line_1_11' title="bbox 159 1119 828 1205; baseline -0.003 -21"><span class='ocrx_word' id='word_1_66' title='bbox 159 1119 338 1184; x_wconf 76' lang='lat' dir='ltr'>Contentus</span> <span class='ocrx_word' id='word_1_67' title='bbox 360 1120 452 1183; x_wconf 85' lang='lat' dir='ltr'>laeva</span> <span class='ocrx_word' id='word_1_68' title='bbox 475 1119 668 1183; x_wconf 90' lang='lat' dir='ltr'>sustinuisse</span> <span class='ocrx_word' id='word_1_69' title='bbox 690 1123 828 1205; x_wconf 80' lang='lat' dir='ltr'>patrem3</span> 
     </span>
    </p>

    <p class='ocr_par' dir='ltr' id='par_1_9' title="bbox 111 1207 877 1365">
     <span class='ocr_line' id='line_1_12' title="bbox 111 1207 877 1293; baseline -0.001 -21"><span class='ocrx_word' id='word_1_70' title='bbox 111 1207 175 1272; x_wconf 90' lang='lat' dir='ltr'>Ast</span> <span class='ocrx_word' id='word_1_71' title='bbox 198 1208 248 1272; x_wconf 90' lang='lat' dir='ltr'>illi</span> <span class='ocrx_word' id='word_1_72' title='bbox 271 1208 414 1291; x_wconf 88' lang='lat' dir='ltr'>duplices</span> <span class='ocrx_word' id='word_1_73' title='bbox 435 1208 471 1271; x_wconf 92' lang='lat' dir='ltr'>in</span> <span class='ocrx_word' id='word_1_74' title='bbox 492 1208 613 1271; x_wconf 90' lang='lat' dir='ltr'>nodum</span> <span class='ocrx_word' id='word_1_75' title='bbox 637 1207 761 1293; x_wconf 84' lang='lat' dir='ltr'>colligit</span> <span class='ocrx_word' id='word_1_76' title='bbox 783 1207 877 1272; x_wconf 89' lang='lat' dir='ltr'>ulnas</span> 
     </span>
     <span class='ocr_line' id='line_1_13' title="bbox 160 1295 751 1365; baseline 0 -5"><span class='ocrx_word' id='word_1_77' title='bbox 160 1296 293 1360; x_wconf 81' lang='lat' dir='ltr'>Cautior</span> <span class='ocrx_word' id='word_1_78' title='bbox 315 1297 350 1359; x_wconf 92' lang='lat' dir='ltr'>in</span> <span class='ocrx_word' id='word_1_79' title='bbox 373 1317 451 1365; x_wconf 86' lang='lat' dir='ltr'>sexu</span> <span class='ocrx_word' id='word_1_80' title='bbox 474 1295 628 1360; x_wconf 90' lang='lat' dir='ltr'>debiliore</span> <span class='ocrx_word' id='word_1_81' title='bbox 650 1295 751 1360; x_wconf 89' lang='lat' dir='ltr'>labor.</span> 
     </span>
    </p>

    <p class='ocr_par' dir='ltr' id='par_1_10' title="bbox 112 1383 1160 1557">
     <span class='ocr_line' id='line_1_14' title="bbox 112 1383 1160 1471; baseline 0.002 -24"><span class='ocrx_word' id='word_1_82' title='bbox 112 1385 185 1449; x_wconf 92' lang='lat' dir='ltr'>Hoc</span> <span class='ocrx_word' id='word_1_83' title='bbox 209 1406 336 1468; x_wconf 90' lang='lat' dir='ltr'>quoque</span> <span class='ocrx_word' id='word_1_84' title='bbox 359 1384 555 1468; x_wconf 89' lang='lat' dir='ltr'>praeteriens</span> <span class='ocrx_word' id='word_1_85' title='bbox 579 1384 680 1449; x_wconf 85' lang='lat' dir='ltr'>oeulis</span> <span class='ocrx_word' id='word_1_86' title='bbox 703 1406 743 1448; x_wconf 91' lang='lat' dir='ltr'>ne</span> <span class='ocrx_word' id='word_1_87' title='bbox 766 1383 851 1448; x_wconf 87' lang='lat' dir='ltr'>forte</span> <span class='ocrx_word' id='word_1_88' title='bbox 872 1384 1049 1471; x_wconf 84' lang='lat' dir='ltr'>relinquas,</span> <span class='ocrx_word' id='word_1_89' title='bbox 1089 1454 1092 1459; x_wconf 59' lang='grc'>,</span> <span class='ocrx_word' id='word_1_90' title='bbox 1158 1386 1160 1391; x_wconf 80' lang='grc'><strong>’</strong></span> 
     </span>
     <span class='ocr_line' id='line_1_15' title="bbox 157 1472 1123 1557; baseline 0.004 -20"><span class='ocrx_word' id='word_1_91' title='bbox 157 1472 302 1537; x_wconf 87' lang='lat' dir='ltr'>Artificis</span> <span class='ocrx_word' id='word_1_92' title='bbox 325 1473 443 1537; x_wconf 80' lang='lat' dir='ltr'>tacitae</span> <span class='ocrx_word' id='word_1_93' title='bbox 467 1473 554 1557; x_wconf 91' lang='lat' dir='ltr'>quod</span> <span class='ocrx_word' id='word_1_94' title='bbox 576 1494 719 1537; x_wconf 92' lang='lat' dir='ltr'>meruere</span> <span class='ocrx_word' id='word_1_95' title='bbox 741 1495 869 1537; x_wconf 86' lang='lat' dir='ltr'>manus:</span> <span class='ocrx_word' id='word_1_96' title='bbox 1090 1491 1123 1542; x_wconf 80' lang='lat'>20</span> 
     </span>
    </p>

    <p class='ocr_par' dir='ltr' id='par_1_11' title="bbox 114 1561 988 1735">
     <span class='ocr_line' id='line_1_16' title="bbox 114 1561 988 1649; baseline 0.001 -23"><span class='ocrx_word' id='word_1_97' title='bbox 114 1561 200 1627; x_wconf 87' lang='lat' dir='ltr'>Nam</span> <span class='ocrx_word' id='word_1_98' title='bbox 224 1563 479 1648; x_wconf 86' lang='lat' dir='ltr'>consanguineos</span> <span class='ocrx_word' id='word_1_99' title='bbox 502 1561 612 1627; x_wconf 87' lang='lat' dir='ltr'>eadem</span> <span class='ocrx_word' id='word_1_100' title='bbox 635 1583 708 1626; x_wconf 91' lang='lat' dir='ltr'>cum</span> <span class='ocrx_word' id='word_1_101' title='bbox 729 1561 834 1634; x_wconf 87' lang='lat' dir='ltr'>forma</span> <span class='ocrx_word' id='word_1_102' title='bbox 856 1563 988 1649; x_wconf 85' lang='lat' dir='ltr'>figuret,</span> 
     </span>
     <span class='ocr_line' id='line_1_17' title="bbox 158 1650 895 1735; baseline 0 -20"><span class='ocrx_word' id='word_1_103' title='bbox 158 1651 221 1715; x_wconf 89' lang='lat' dir='ltr'>Hic</span> <span class='ocrx_word' id='word_1_104' title='bbox 243 1651 375 1735; x_wconf 90' lang='lat' dir='ltr'>propior</span> <span class='ocrx_word' id='word_1_105' title='bbox 397 1650 494 1715; x_wconf 84' lang='lat' dir='ltr'>matri</span> <span class='ocrx_word' id='word_1_106' title='bbox 516 1652 555 1715; x_wconf 87' lang='lat' dir='ltr'>fit</span> <span class='ocrx_word' id='word_1_107' title='bbox 577 1655 686 1715; x_wconf 87' lang='lat' dir='ltr'>tamen</span> <span class='ocrx_word' id='word_1_108' title='bbox 692 1703 701 1735; x_wconf 82' lang='lat'>‚</span> <span class='ocrx_word' id='word_1_109' title='bbox 723 1650 779 1714; x_wconf 92' lang='lat' dir='ltr'>ille</span> <span class='ocrx_word' id='word_1_110' title='bbox 801 1651 895 1735; x_wconf 88' lang='lat' dir='ltr'>patri.</span> 
     </span>
    </p>

    <p class='ocr_par' dir='ltr' id='par_1_12' title="bbox 113 1738 1049 1914">
     <span class='ocr_line' id='line_1_18' title="bbox 113 1738 1049 1828; baseline 0.001 -25"><span class='ocrx_word' id='word_1_111' title='bbox 113 1740 296 1803; x_wconf 86' lang='lat' dir='ltr'>Dissimiles</span> <span class='ocrx_word' id='word_1_112' title='bbox 319 1762 421 1804; x_wconf 90' lang='lat' dir='ltr'>annos</span> <span class='ocrx_word' id='word_1_113' title='bbox 445 1738 589 1804; x_wconf 90' lang='lat' dir='ltr'>sollertia</span> <span class='ocrx_word' id='word_1_114' title='bbox 612 1743 770 1823; x_wconf 88' lang='lat' dir='ltr'>temperat</span> <span class='ocrx_word' id='word_1_115' title='bbox 793 1739 885 1804; x_wconf 87' lang='lat' dir='ltr'>artis:</span> <span class='ocrx_word' id='word_1_116' title='bbox 980 1742 983 1748; x_wconf 86' lang='grc'><strong>’</strong></span> <span class='ocrx_word' id='word_1_117' title='bbox 1042 1815 1049 1828; x_wconf 28' lang='grc' dir='ltr'>ι</span> 
     </span>
     <span class='ocr_line' id='line_1_19' title="bbox 157 1827 860 1914; baseline -0.001 -22"><span class='ocrx_word' id='word_1_118' title='bbox 157 1828 251 1893; x_wconf 90' lang='lat' dir='ltr'>Alter</span> <span class='ocrx_word' id='word_1_119' title='bbox 273 1829 308 1892; x_wconf 92' lang='lat' dir='ltr'>in</span> <span class='ocrx_word' id='word_1_120' title='bbox 331 1827 464 1893; x_wconf 86' lang='lat' dir='ltr'>alterius</span> <span class='ocrx_word' id='word_1_121' title='bbox 487 1828 630 1893; x_wconf 87' lang='lat' dir='ltr'>redditur</span> <span class='ocrx_word' id='word_1_122' title='bbox 653 1849 708 1892; x_wconf 91' lang='lat' dir='ltr'>ore</span> <span class='ocrx_word' id='word_1_123' title='bbox 730 1842 860 1914; x_wconf 86' lang='lat' dir='ltr'>parens,</span> 
     </span>
    </p>
   </div>
   <div class='ocr_carea' id='block_1_3' title="bbox 113 1916 1124 2003">
    <p class='ocr_par' dir='ltr' id='par_1_13' title="bbox 113 1916 1124 2003">
     <span class='ocr_line' id='line_1_20' title="bbox 113 1916 1124 2003; baseline 0.003 -22"><span class='ocrx_word' id='word_1_124' title='bbox 113 1917 158 1981; x_wconf 85' lang='lat' dir='ltr'>Et</span> <span class='ocrx_word' id='word_1_125' title='bbox 180 1940 264 1982; x_wconf 80' lang='lat' dir='ltr'>nova</span> <span class='ocrx_word' id='word_1_126' title='bbox 287 1918 449 2003; x_wconf 91' lang='lat' dir='ltr'>germanis</span> <span class='ocrx_word' id='word_1_127' title='bbox 471 1918 604 2001; x_wconf 89' lang='lat' dir='ltr'>paribus</span> <span class='ocrx_word' id='word_1_128' title='bbox 628 1916 812 1981; x_wconf 87' lang='lat' dir='ltr'>discrimina</span> <span class='ocrx_word' id='word_1_129' title='bbox 835 1918 991 2002; x_wconf 87' lang='lat' dir='ltr'>praebens</span> <span class='ocrx_word' id='word_1_130' title='bbox 1090 1935 1124 1984; x_wconf 76' lang='lat'>25</span> 
     </span>
    </p>
   </div>
   <div class='ocr_carea' id='block_1_4' title="bbox 22 2006 770 2091">
    <p class='ocr_par' dir='ltr' id='par_1_14' title="bbox 22 2006 770 2091">
     <span class='ocr_line' id='line_1_21' title="bbox 22 2006 770 2091; baseline 0.003 -22"><span class='ocrx_word' id='word_1_131' title='bbox 22 2015 25 2020; x_wconf 79' lang='grc'>’</span> <span class='ocrx_word' id='word_1_132' title='bbox 158 2006 277 2071; x_wconf 83' lang='lat' dir='ltr'>Divisit</span> <span class='ocrx_word' id='word_1_133' title='bbox 301 2007 411 2071; x_wconf 87' lang='lat' dir='ltr'>vultus</span> <span class='ocrx_word' id='word_1_134' title='bbox 434 2029 507 2071; x_wconf 90' lang='lat' dir='ltr'>eum</span> <span class='ocrx_word' id='word_1_135' title='bbox 529 2007 649 2091; x_wconf 87' lang='lat' dir='ltr'>pietate</span> <span class='ocrx_word' id='word_1_136' title='bbox 671 2006 770 2071; x_wconf 88' lang='lat' dir='ltr'>faber.</span> 
     </span>
    </p>
   </div>
   <div class='ocr_carea' id='block_1_5' title="bbox 113 2182 1126 3603">
    <p class='ocr_par' dir='ltr' id='par_1_15' title="bbox 115 2182 1120 2359">
     <span class='ocr_line' id='line_1_22' title="bbox 115 2182 987 2270; baseline 0 -22"><span class='ocrx_word' id='word_1_137' title='bbox 115 2182 142 2248; x_wconf 95' lang='lat'>0</span> <span class='ocrx_word' id='word_1_138' title='bbox 165 2184 247 2247; x_wconf 92' lang='lat' dir='ltr'>bene</span> <span class='ocrx_word' id='word_1_139' title='bbox 269 2186 403 2248; x_wconf 88' lang='lat' dir='ltr'>naturae</span> <span class='ocrx_word' id='word_1_140' title='bbox 425 2207 596 2270; x_wconf 77' lang='lat' dir='ltr'>memmae,</span> <span class='ocrx_word' id='word_1_141' title='bbox 619 2185 810 2256; x_wconf 86' lang='lat' dir='ltr'>documenta</span> <span class='ocrx_word' id='word_1_142' title='bbox 832 2206 987 2268; x_wconf 91' lang='lat' dir='ltr'>supernae</span> 
     </span>
     <span class='ocr_line' id='line_1_23' title="bbox 159 2270 1120 2359; baseline 0.001 -24"><span class='ocrx_word' id='word_1_143' title='bbox 159 2270 320 2359; x_wconf 81' lang='lat' dir='ltr'>Iustitiae,</span> <span class='ocrx_word' id='word_1_144' title='bbox 342 2273 493 2338; x_wconf 86' lang='lat' dir='ltr'>iuvenum</span> <span class='ocrx_word' id='word_1_145' title='bbox 514 2273 660 2359; x_wconf 84' lang='lat' dir='ltr'>numina,</span> <span class='ocrx_word' id='word_1_146' title='bbox 682 2277 759 2338; x_wconf 85' lang='lat' dir='ltr'>vota</span> <span class='ocrx_word' id='word_1_147' title='bbox 783 2295 907 2337; x_wconf 88' lang='lat' dir='ltr'>senum:</span> <span class='ocrx_word' id='word_1_148' title='bbox 1117 2349 1120 2355; x_wconf 91' lang='lat'><em>.</em></span> 
     </span>
    </p>

    <p class='ocr_par' dir='ltr' id='par_1_16' title="bbox 116 2360 1126 2534">
     <span class='ocr_line' id='line_1_24' title="bbox 116 2360 996 2448; baseline 0.002 -24"><span class='ocrx_word' id='word_1_149' title='bbox 116 2360 177 2437; x_wconf 83' lang='lat' dir='ltr'>Qui</span> <span class='ocrx_word' id='word_1_150' title='bbox 197 2361 318 2445; x_wconf 89' lang='lat' dir='ltr'>spretis</span> <span class='ocrx_word' id='word_1_151' title='bbox 343 2362 458 2447; x_wconf 92' lang='lat' dir='ltr'>opibus</span> <span class='ocrx_word' id='word_1_152' title='bbox 482 2363 604 2428; x_wconf 89' lang='lat' dir='ltr'>medios</span> <span class='ocrx_word' id='word_1_153' title='bbox 627 2362 825 2447; x_wconf 90' lang='lat' dir='ltr'>properastis</span> <span class='ocrx_word' id='word_1_154' title='bbox 847 2361 883 2425; x_wconf 92' lang='lat' dir='ltr'>in</span> <span class='ocrx_word' id='word_1_155' title='bbox 904 2362 996 2448; x_wconf 89' lang='lat' dir='ltr'>ignes</span> 
     </span>
     <span class='ocr_line' id='line_1_25' title="bbox 159 2448 1126 2534; baseline 0.003 -20"><span class='ocrx_word' id='word_1_156' title='bbox 159 2448 216 2514; x_wconf 88' lang='lat' dir='ltr'>Nil</span> <span class='ocrx_word' id='word_1_157' title='bbox 238 2455 366 2534; x_wconf 89' lang='lat' dir='ltr'>praeter</span> <span class='ocrx_word' id='word_1_158' title='bbox 389 2455 533 2515; x_wconf 88' lang='lat' dir='ltr'>sanctam</span> <span class='ocrx_word' id='word_1_159' title='bbox 555 2452 670 2516; x_wconf 88' lang='lat' dir='ltr'>tollere</span> <span class='ocrx_word' id='word_1_160' title='bbox 693 2450 850 2514; x_wconf 89' lang='lat' dir='ltr'>canitiem.</span> <span class='ocrx_word' id='word_1_161' title='bbox 1091 2468 1126 2517; x_wconf 81' lang='lat'>30</span> 
     </span>
    </p>

    <p class='ocr_par' dir='ltr' id='par_1_17' title="bbox 114 2538 994 2715">
     <span class='ocr_line' id='line_1_26' title="bbox 114 2538 994 2622; baseline 0.001 -21"><span class='ocrx_word' id='word_1_162' title='bbox 114 2538 211 2602; x_wconf 88' lang='lat' dir='ltr'>Haud</span> <span class='ocrx_word' id='word_1_163' title='bbox 234 2539 380 2622; x_wconf 92' lang='lat' dir='ltr'>equidem</span> <span class='ocrx_word' id='word_1_164' title='bbox 402 2540 552 2604; x_wconf 84' lang='lat' dir='ltr'>inmerito</span> <span class='ocrx_word' id='word_1_165' title='bbox 575 2543 667 2604; x_wconf 88' lang='lat' dir='ltr'>tanta</span> <span class='ocrx_word' id='word_1_166' title='bbox 690 2538 810 2603; x_wconf 84' lang='lat' dir='ltr'>virtute</span> <span class='ocrx_word' id='word_1_167' title='bbox 833 2559 994 2621; x_wconf 88' lang='lat' dir='ltr'>repressas</span> 
     </span>
     <span class='ocr_line' id='line_1_27' title="bbox 159 2627 753 2715; baseline -0.002 -25"><span class='ocrx_word' id='word_1_168' title='bbox 159 2627 313 2691; x_wconf 78' lang='lat' dir='ltr'>Enceladi</span> <span class='ocrx_word' id='word_1_169' title='bbox 336 2628 444 2691; x_wconf 87' lang='lat' dir='ltr'>fauces</span> <span class='ocrx_word' id='word_1_170' title='bbox 469 2629 649 2715; x_wconf 83' lang='lat' dir='ltr'>obriguisse</span> <span class='ocrx_word' id='word_1_171' title='bbox 672 2649 753 2690; x_wconf 89' lang='lat' dir='ltr'>reor.</span> 
     </span>
    </p>

    <p class='ocr_par' dir='ltr' id='par_1_18' title="bbox 113 2713 954 2888">
     <span class='ocr_line' id='line_1_28' title="bbox 113 2713 954 2801; baseline -0.001 -23"><span class='ocrx_word' id='word_1_172' title='bbox 113 2714 187 2799; x_wconf 88' lang='lat' dir='ltr'>Ipse</span> <span class='ocrx_word' id='word_1_173' title='bbox 210 2715 440 2779; x_wconf 88' lang='lat' dir='ltr'>redundantem</span> <span class='ocrx_word' id='word_1_174' title='bbox 462 2717 600 2781; x_wconf 87' lang='lat' dir='ltr'>frenavit</span> <span class='ocrx_word' id='word_1_175' title='bbox 622 2715 780 2780; x_wconf 87' lang='lat' dir='ltr'>Mulciber</span> <span class='ocrx_word' id='word_1_176' title='bbox 801 2713 954 2801; x_wconf 77' lang='lat' dir='ltr'>Aetnam,</span> 
     </span>
     <span class='ocr_line' id='line_1_29' title="bbox 158 2803 842 2888; baseline 0.001 -21"><span class='ocrx_word' id='word_1_177' title='bbox 158 2804 313 2869; x_wconf 88' lang='lat' dir='ltr'>Laederet</span> <span class='ocrx_word' id='word_1_178' title='bbox 336 2805 472 2888; x_wconf 90' lang='lat' dir='ltr'>exempli</span> <span class='ocrx_word' id='word_1_179' title='bbox 495 2827 535 2870; x_wconf 92' lang='lat' dir='ltr'>ne</span> <span class='ocrx_word' id='word_1_180' title='bbox 558 2808 766 2870; x_wconf 89' lang='lat' dir='ltr'>monumenta</span> <span class='ocrx_word' id='word_1_181' title='bbox 787 2803 842 2887; x_wconf 89' lang='lat' dir='ltr'>pii.</span> 
     </span>
    </p>

    <p class='ocr_par' dir='ltr' id='par_1_19' title="bbox 116 2891 1125 3065">
     <span class='ocr_line' id='line_1_30' title="bbox 116 2891 1125 2970; baseline 0.004 -14"><span class='ocrx_word' id='word_1_182' title='bbox 116 2892 291 2957; x_wconf 79' lang='lat' dir='ltr'>Senserunt</span> <span class='ocrx_word' id='word_1_183' title='bbox 315 2894 472 2970; x_wconf 83' lang='lat' dir='ltr'>elementa</span> <span class='ocrx_word' id='word_1_184' title='bbox 493 2895 598 2959; x_wconf 91' lang='lat' dir='ltr'>fidem.</span> <span class='ocrx_word' id='word_1_185' title='bbox 633 2892 724 2957; x_wconf 88' lang='lat' dir='ltr'>Patri</span> <span class='ocrx_word' id='word_1_186' title='bbox 748 2891 851 2956; x_wconf 82' lang='lat' dir='ltr'>adfuit</span> <span class='ocrx_word' id='word_1_187' title='bbox 874 2893 984 2957; x_wconf 90' lang='lat' dir='ltr'>aether</span> <span class='ocrx_word' id='word_1_188' title='bbox 1092 2911 1125 2960; x_wconf 75' lang='lat'>35</span> 
     </span>
     <span class='ocr_line' id='line_1_31' title="bbox 160 2981 878 3065; baseline 0 -20"><span class='ocrx_word' id='word_1_189' title='bbox 160 2981 321 3065; x_wconf 87' lang='lat' dir='ltr'>Terraque</span> <span class='ocrx_word' id='word_1_190' title='bbox 344 2986 526 3047; x_wconf 87' lang='lat' dir='ltr'>maternum</span> <span class='ocrx_word' id='word_1_191' title='bbox 549 2983 660 3048; x_wconf 85' lang='lat' dir='ltr'>sedula</span> <span class='ocrx_word' id='word_1_192' title='bbox 682 2981 764 3045; x_wconf 86' lang='lat' dir='ltr'>iuvit</span> <span class='ocrx_word' id='word_1_193' title='bbox 788 3003 878 3045; x_wconf 91' lang='lat' dir='ltr'>onus.</span> 
     </span>
    </p>

    <p class='ocr_par' dir='ltr' id='par_1_20' title="bbox 117 3069 993 3247">
     <span class='ocr_line' id='line_1_32' title="bbox 117 3069 993 3157; baseline 0.002 -24"><span class='ocrx_word' id='word_1_194' title='bbox 117 3069 238 3145; x_wconf 85' lang='lat' dir='ltr'>Quodsi</span> <span class='ocrx_word' id='word_1_195' title='bbox 260 3075 359 3135; x_wconf 90' lang='lat' dir='ltr'>notus</span> <span class='ocrx_word' id='word_1_196' title='bbox 383 3094 473 3136; x_wconf 88' lang='lat' dir='ltr'>amor</span> <span class='ocrx_word' id='word_1_197' title='bbox 494 3073 642 3157; x_wconf 80' lang='lat' dir='ltr'>provexit</span> <span class='ocrx_word' id='word_1_198' title='bbox 666 3070 702 3134; x_wconf 89' lang='lat' dir='ltr'>in</span> <span class='ocrx_word' id='word_1_199' title='bbox 724 3073 812 3133; x_wconf 87' lang='lat' dir='ltr'>astra</span> <span class='ocrx_word' id='word_1_200' title='bbox 834 3069 993 3157; x_wconf 78' lang='lat' dir='ltr'>Laconas,</span> 
     </span>
     <span class='ocr_line' id='line_1_33' title="bbox 159 3158 883 3247; baseline -0.003 -24"><span class='ocrx_word' id='word_1_201' title='bbox 159 3158 291 3224; x_wconf 85' lang='lat' dir='ltr'>Aenean</span> <span class='ocrx_word' id='word_1_202' title='bbox 313 3159 457 3247; x_wconf 84' lang='lat' dir='ltr'>Phrygio</span> <span class='ocrx_word' id='word_1_203' title='bbox 480 3166 592 3245; x_wconf 87' lang='lat' dir='ltr'>raptus</span> <span class='ocrx_word' id='word_1_204' title='bbox 616 3162 657 3226; x_wconf 89' lang='lat' dir='ltr'>ab</span> <span class='ocrx_word' id='word_1_205' title='bbox 680 3158 755 3246; x_wconf 89' lang='lat' dir='ltr'>igne</span> <span class='ocrx_word' id='word_1_206' title='bbox 778 3161 883 3244; x_wconf 76' lang='lat' dir='ltr'>pater,</span> 
     </span>
    </p>

    <p class='ocr_par' dir='ltr' id='par_1_21' title="bbox 117 3244 1125 3422">
     <span class='ocr_line' id='line_1_34' title="bbox 117 3244 917 3336; baseline 0 -26"><span class='ocrx_word' id='word_1_207' title='bbox 117 3244 151 3310; x_wconf 86' lang='lat' dir='ltr'>Si</span> <span class='ocrx_word' id='word_1_208' title='bbox 174 3252 266 3312; x_wconf 84' lang='lat' dir='ltr'>vetus</span> <span class='ocrx_word' id='word_1_209' title='bbox 289 3247 461 3336; x_wconf 86' lang='lat' dir='ltr'>Argolicos</span> <span class='ocrx_word' id='word_1_210' title='bbox 483 3251 637 3315; x_wconf 88' lang='lat' dir='ltr'>inlustrat</span> <span class='ocrx_word' id='word_1_211' title='bbox 659 3248 764 3334; x_wconf 87' lang='lat' dir='ltr'>gloria</span> <span class='ocrx_word' id='word_1_212' title='bbox 787 3246 917 3334; x_wconf 84' lang='lat' dir='ltr'>fratres,</span> 
     </span>
     <span class='ocr_line' id='line_1_35' title="bbox 161 3334 1125 3422; baseline 0.005 -23"><span class='ocrx_word' id='word_1_213' title='bbox 161 3334 222 3411; x_wconf 85' lang='lat' dir='ltr'>Qui</span> <span class='ocrx_word' id='word_1_214' title='bbox 246 3359 304 3401; x_wconf 88' lang='lat' dir='ltr'>sua</span> <span class='ocrx_word' id='word_1_215' title='bbox 326 3343 472 3403; x_wconf 86' lang='lat' dir='ltr'>materno</span> <span class='ocrx_word' id='word_1_216' title='bbox 495 3341 579 3404; x_wconf 87' lang='lat' dir='ltr'>colla</span> <span class='ocrx_word' id='word_1_217' title='bbox 602 3339 715 3404; x_wconf 90' lang='lat' dir='ltr'>dedere</span> <span class='ocrx_word' id='word_1_218' title='bbox 738 3337 828 3422; x_wconf 92' lang='lat' dir='ltr'>iugo:</span> <span class='ocrx_word' id='word_1_219' title='bbox 1091 3354 1125 3405; x_wconf 88' lang='lat'>40</span> 
     </span>
    </p>

    <p class='ocr_par' dir='ltr' id='par_1_22' title="bbox 118 3422 1080 3603">
     <span class='ocr_line' id='line_1_36' title="bbox 118 3422 1051 3513; baseline 0.002 -27"><span class='ocrx_word' id='word_1_220' title='bbox 118 3422 182 3486; x_wconf 80' lang='lat' dir='ltr'>Cur</span> <span class='ocrx_word' id='word_1_221' title='bbox 204 3447 270 3488; x_wconf 92' lang='lat' dir='ltr'>non</span> <span class='ocrx_word' id='word_1_222' title='bbox 291 3425 523 3513; x_wconf 82' lang='lat' dir='ltr'>Amphinomo,</span> <span class='ocrx_word' id='word_1_223' title='bbox 547 3451 604 3492; x_wconf 90' lang='lat' dir='ltr'>cur</span> <span class='ocrx_word' id='word_1_224' title='bbox 626 3448 692 3492; x_wconf 92' lang='lat' dir='ltr'>non</span> <span class='ocrx_word' id='word_1_225' title='bbox 714 3425 790 3510; x_wconf 81' lang='lat' dir='ltr'>tibi,</span> <span class='ocrx_word' id='word_1_226' title='bbox 812 3424 908 3489; x_wconf 85' lang='lat' dir='ltr'>fortis</span> <span class='ocrx_word' id='word_1_227' title='bbox 931 3423 1051 3511; x_wconf 81' lang='lat' dir='ltr'>Anapi,</span> 
     </span>
     <span class='ocr_line' id='line_1_37' title="bbox 160 3511 1080 3603; baseline 0.001 -27"><span class='ocrx_word' id='word_1_228' title='bbox 160 3511 337 3578; x_wconf 90' lang='lat' dir='ltr'>Aeternum</span> <span class='ocrx_word' id='word_1_229' title='bbox 361 3515 488 3580; x_wconf 82' lang='lat' dir='ltr'>Siculus</span> <span class='ocrx_word' id='word_1_230' title='bbox 511 3518 631 3603; x_wconf 90' lang='lat' dir='ltr'>templa</span> <span class='ocrx_word' id='word_1_231' title='bbox 655 3512 772 3580; x_wconf 82' lang='lat' dir='ltr'>dicavit</span> <span class='ocrx_word' id='word_1_232' title='bbox 795 3512 923 3578; x_wconf 83' lang='lat' dir='ltr'>honos?</span> <span class='ocrx_word' id='word_1_233' title='bbox 964 3548 982 3561; x_wconf 92' lang='lat'>-·</span> <span class='ocrx_word' id='word_1_234' title='bbox 1073 3538 1080 3552; x_wconf 91' lang='lat'><strong>·</strong></span> 
     </span>
    </p>
   </div>
   <div class='ocr_carea' id='block_1_6' title="bbox 0 0 1201 3870">
    <p class='ocr_par' dir='ltr' id='par_1_23' title="bbox 0 0 1201 3870">
     <span class='ocr_line' id='line_1_38' title="bbox 0 0 1201 3870; baseline 0 0"><span class='ocrx_word' id='word_1_235' title='bbox 0 0 1201 3870; x_wconf 95' lang='lat' dir='ltr'> </span> 
     </span>
    </p>
   </div>
  </div>
 </body>
</html>
