2392 3870
195 157 395 215 CARMINVM
413 157 588 212 MINORVM
605 155 801 226 ΑΡΡΕΝΒΙΧ,
820 174 843 213 c.
857 157 966 212 IV—V.
1022 159 1089 223 303

30 369 32 373 -
72 321 155 399 Quid
177 343 352 385 memorem
374 341 480 384 mores
503 319 636 384 iuvenili
658 320 693 384 in
717 321 811 384 corde
835 319 951 383 seniles
1058 332 1069 353 ·

70 411 180 494 Atque
202 408 352 474 Ithacum
375 408 542 495 ingenium
563 408 710 473 Romana
733 409 855 474 fervere
878 408 1012 494 lingua?

70 499 120 562 Tu
143 499 227 584 fora,
249 503 288 562 tu
310 498 399 583 leges
422 497 565 561 celebras
588 501 799 580 sanctumque
821 496 966 561 tribunal

69 586 289 671 Promptaque
311 586 492 670 impavidus
515 590 553 649 tu
575 589 687 650 suetus
710 586 814 650 dicere
837 586 957 650 dextra.

70 676 115 739 'le
138 675 284 741 insontes
306 676 448 758 palmam
471 697 596 758 semper
618 679 750 740 tenuere
772 679 924 760 patrono,
1051 691 1087 739 25

70 764 115 829 Te
139 768 250 830 contra
274 764 455 828 adstantem
479 785 605 847 semper
627 764 764 828 timuere
785 767 947 828 nocentes.

69 852 207 917 Prorsus
231 852 331 916 habes
354 852 479 917 iuvenis
502 855 610 916 totum
633 853 720 936 quod
743 853 869 916 Tullius
893 855 1006 916 auctor

74 941 260 1006 Causidicos
284 941 422 1005 retinere
445 940 548 1004 iubet:
570 963 659 1025 nam,
682 941 785 1005 fultus
808 945 960 1027 utroque,

69 1028 129 1093 Vir
151 1031 257 1095 bonus
281 1051 315 1093 es
337 1029 487 1114 nimium,
510 1029 599 1092 fandi
621 1029 807 1112 pariterque
829 1030 962 1113 peritus.

136 1116 189 1181 Ad
211 1123 244 1181 te
266 1138 353 1182 nunc
375 1117 517 1181 breviter
540 1115 629 1202 (nam
653 1116 699 1180 sic
721 1121 754 1180 te
776 1118 859 1181 velle
882 1115 1048 1204 putamus)

69 1205 192 1291 Verba,
215 1205 337 1289 puella,
360 1205 475 1288 ieram,
497 1204 633 1288 pulchro
657 1205 800 1268 formosa
824 1205 938 1269 colore.
1051 1223 1084 1269 31

67 1293 152 1357 Lilia
176 1315 233 1357 ceu
255 1293 381 1357 niteant
404 1293 512 1357 rutilis
536 1292 710 1356 commixta
733 1294 863 1379 rosetis,

70 1381 123 1445 Sic
145 1383 246 1446 rubor
269 1385 300 1445 et
325 1382 444 1446 candor
466 1381 607 1468 pingunt
628 1381 690 1445 tibi
713 1382 827 1446 florida
850 1381 969 1446 vultus.

68 1470 216 1553 Denique
238 1471 394 1534 miramur
418 1471 504 1554 quod
527 1470 610 1535 00111
632 1470 767 1534 monilia
790 1474 933 1557 gestant3

68 1558 121 1622 Ex
143 1559 263 1622 umeris
286 1559 407 1623 frustra
429 1560 579 1643 phaleras
602 1559 743 1643 imponis
767 1559 907 1624 ebmnis.
1049 1575 1084 1622 35

67 1647 146 1713 Non
168 1647 230 1712 tibi
252 1670 328 1711 nam
350 1669 509 1734 gemmae,
533 1649 589 1711 sed
610 1651 647 1711 tu
671 1648 728 1711 das
750 1648 874 1711 lumina
897 1646 1049 1733 gemmis,

68 1736 177 1819 Atque
200 1736 280 1800 alias
304 1737 416 1821 comit,
439 1740 552 1820 perte
575 1736 780 1820 componitur
801 1759 924 1800 aurum.

68 1822 159 1909 Ips]a
182 1823 288 1911 loqui,
312 1824 488 1909 scriptique
511 1828 608 1889 tenax
630 1826 788 1908 veloxque
810 1824 951 1911 legendi,

69 1913 154 1997 Scis]
177 1917 343 1996 tamquam
366 1913 442 1977 talis
465 1912 565 1977 fueris
587 1936 745 2000 praesaga
766 1914 876 1978 mariti

68 2000 127 2086 Et]
151 2000 264 2066 Museo
287 2002 352 2066 tuis
375 2001 494 2066 insedit
517 2023 593 2066 cura
616 2002 774 2067 medullis.
1047 2015 1083 2065 40

67 2089 137 2156 Nec
159 2091 266 2153 minus
289 2090 324 2154 in
345 2091 487 2174 propriis
510 2090 667 2155 studium:
689 2113 764 2155 nam
787 2091 906 2156 vellera
928 2091 1021 2154 lanae

68 2178 249 2242 Textilibus
274 2179 409 2244 calathis
434 2202 559 2264 semper
582 2184 721 2244 tractare
744 2180 848 2264 perita

67 2265 169 2350 Inque
192 2267 309 2353 globos
332 2272 450 2333 teretes
474 2268 623 2334 coeuntia
645 2269 774 2334 volvere
796 2291 896 2353 pensa

70 2355 275 2440 Compositas
297 2358 388 2421 tenui
412 2357 581 2441 suspendis
605 2357 742 2421 stamine
764 2358 861 2441 telas,

68 2443 154 2520 Quas
178 2467 251 2509 cum
273 2446 448 2530 multiplici
471 2446 629 2510 frenarint
652 2445 728 2508 licia
750 2467 865 2531 gressu
1048 2457 1082 2505 45

67 2532 217 2596 Traxeris
240 2537 272 2597 et
296 2534 410 2620 digitis
435 2557 507 2597 cum
529 2531 642 2596 mollia
665 2532 721 2596 fila
743 2531 904 2618 gemellis,

68 2619 176 2684 Serica
198 2619 380 2685 Arachneo'
393 2622 567 2685 densentur
588 2620 715 2703 pectine
737 2624 827 2684 texta

68 2707 270 2791 Subtilisque
293 2731 385 2795 seges
408 2709 498 2772 radio
522 2708 679 2772 stridente
701 2709 846 2772 resultat.

134 2795 197 2860 Sed
220 2796 285 2859 iam
309 2797 450 2861 sufficiat
474 2798 511 2861 dc
534 2796 661 2883 magnis
684 2819 787 2880 pauca
810 2797 970 2879 locutum,

66 2883 136 2950 Nec
160 2884 238 2948 sinit
261 2884 324 2950 hoc
346 2889 487 2972 tempus,
510 2889 598 2950 totas
619 2907 707 2949 nunc
728 2886 867 2970 pandere
889 2884 1009 2949 laudes.
1047 2898 1082 2948 co

67 2972 152 3049 Quin
174 2973 292 3060 magis,
316 2996 335 3038 0
354 2975 464 3061 pueri,
486 2997 609 3059 vosque
632 2975 793 3061 exaudite,
816 2972 958 3058 puellae,

67 3061 153 3137 Quas
177 3066 288 3146 optare
311 3085 405 3147 pares
429 3063 590 3128 thalamos
612 3063 787 3148 taedasque
810 3062 935 3149 iugales

138 3295 172 3344 aa
195 3291 337 3375 Ichacqm]
356 3292 485 3362 11111
507 3293 645 3362 illarum,
668 3292 780 3346 icarum.
854 3295 888 3344 aa
906 3289 1081 3359 pariterque]
1116 3260 1120 3262 ’

65 3378 217 3448 Heinsiuc;
248 3385 341 3452 patqq.
414 3385 448 3433 30
475 3379 533 3452 Ad]
557 3382 603 3435 At.
675 3379 859 3452 revolvere]
886 3378 1083 3444 3110111111,ο

63 3448 178 3505 vellera.
224 3450 446 3522 '‘infrenarint]
465 3453 632 3521 Muellerus;
650 3451 807 3506 frenarunt.
869 3454 903 3502 m
927 3447 1100 3508 drachmas&

63 3535 176 3576 araneo.
