2392 3870
113 160 156 225 90
204 137 207 142 ’
413 146 587 214 'cirron
605 158 803 215 curvorum
844 186 846 189 -

326 322 422 385 Tract
408 325 462 385 tus
485 321 526 384 ab
550 322 624 385 aula
646 344 757 386 rursus
781 322 817 385 in
840 322 947 385 aulam
1115 342 1131 389 5

324 409 446 474 Redeat
432 410 611 510 tsanguis
656 410 744 474 Pat'
703 414 764 474 1111
788 409 906 473 officiis

323 497 425 584 Iunge
447 498 574 582 potenti
596 498 734 584 pignora
757 498 876 562 dextra.

325 585 429 650 Gener
451 585 594 673 Augusti
614 586 741 687 pridem
764 587 884 670 111111,

323 674 419 738 Nunc
441 697 553 738 rursus
576 674 640 738 eris
664 697 754 739 socer
776 674 927 827 Augusti

324 762 444 839 Quae
435 785 500 826 ram
523 763 629 827 rabies
652 763 766 827 livoris
790 763 874 827 11119.
1094 781 1128 829 10

322 850 384 915 Vel
408 851 481 933 quis
505 851 634 915 dabitur
658 852 747 916 color
770 851 932 915 invidiae?

323 937 461 1003 Stilicho
485 961 576 1003 socer
597 943 660 1024 est,
681 945 774 1024 pater
796 944 846 1004 est
869 938 1016 1004 Stilicho.

530 1271 576 1326 iv.
600 1271 699 1341 (xiv.)

175 1379 339 1444 Attollens
362 1378 515 1443 thalamis
538 1377 677 1444 Idalium
700 1379 794 1444 iubar

108 1467 216 1532 Dilect
202 1472 256 1532 tus
279 1467 398 1532 Veneri
421 1467 566 1532 nascitur
588 1466 761 1551 Hesperus

107 1554 177 1620 Iam
199 1560 280 1641 nupt
282 1578 319 1620 ae
341 1555 482 1639 trepidat
506 1555 666 1620 sollicitus
689 1554 806 1640 pudor,

106 1642 176 1709 Iam
198 1645 339 1728 protdun
325 1643 511 1708 tlacrimas
534 1645 681 1708 flammea
705 1643 876 1727 simplices,

106 1730 158 1796 Ne
182 1753 283 1816 cessa,
306 1731 445 1816 iuvenis,
469 1731 647 1796 comminus
672 1731 816 1818 adgredi,

108 1817 272 1920 Impacata
238 1819 371 1883 tlicet
357 1819 516 1884 11111111
538 1819 711 1919 unguibus.

106 1906 184 1971 Non
207 1907 378 1990 quisquam
400 1907 521 1971 fruitur
543 1907 627 1971 veris
652 1907 805 1972 odoribus

106 1993 273 2078 Hyblaeos
296 1994 430 2058 latebris
453 2017 512 2059 nec
535 1994 654 2079 spoliat
677 1996 782 2080 favos,

107 2082 143 2147 Si
166 2082 267 2145 fronti
291 2085 415 2167 caveat,
439 2083 467 2145 si
490 2082 603 2147 timeat
626 2083 739 2167 rubos3

106 2169 221 2234 Armat
244 2171 337 2254 spina
360 2192 464 2256 rosas,
487 2171 584 2235 mella
606 2174 722 2257 tegrmt
745 2194 829 2256 apes.

109 2257 265 2322 Crescunt
289 2258 416 2323 difficili
439 2259 558 2346 gaudia
581 2259 688 2344 iurgio

105 2346 325 2430 Accenditque
347 2347 465 2433 magis,
489 2369 570 2431 quae
592 2347 727 2434 refugit,
750 2347 868 2413 Venus

106 2434 198 2511 Quod
221 2436 312 2500 flenti
335 2435 463 2522 tuleris,
486 2436 560 2521 plus
583 2435 669 2521 sapit
692 2435 846 2501 osculum.

104 2523 201 2589 Dices
225 2524 282 2589 ‘ol'
306 2525 469 2610 quotiens,
493 2524 819 2589 <11111111111111111111

106 2611 209 2688 Quam
231 2613 332 2677 flavos
357 2613 483 2678 deciens
506 2612 633 2678 vincere
657 2612 846 2678 Sarmatasl'

170 2700 343 2784 Adspirate
365 2724 483 2766 noram
505 2702 691 2787 pectoribus
714 2701 810 2765 fidem

104 2787 353 2872 Mansuramque
376 2790 479 2855 facem
501 2790 620 2855 tradite
644 2789 800 2854 sensibus.

103 2875 183 2940 Tam
206 2876 326 2941 iunctis
349 2878 499 2943 manibus
521 2878 641 2943 nectite
663 2877 804 2962 vincula,

105 2963 207 3040 Quam
230 2965 382 3030 frondens
405 2966 522 3031 hedera
545 2966 718 3052 stringitur
741 2965 902 3051 aesculus,

104 3052 206 3129 Quam
228 3053 316 3117 lento
339 3055 497 3139 premitur
518 3054 652 3139 palmite
674 3056 827 3139 populusr,

102 3141 147 3205 111
169 3164 314 3205 murmur
337 3143 471 3225 queurla
493 3142 644 3206 blandius
667 3142 744 3206 alite

101 3230 239 3316 Linguis
262 3230 395 3295 adsiduo
419 3231 542 3296 reddite
567 3230 697 3295 mutuis.

102 3318 146 3382 111
169 3317 270 3382 labris
294 3318 437 3384 animum
460 3319 709 3384 conciliantibus

101 3406 273 3470 Alternum
296 3407 401 3491 rapiat
425 3429 556 3472 somnus
580 3408 767 3472 anhelitum.

100 3494 262 3578 Amplexu
285 3496 387 3560 caleat
409 3518 551 3580 purpura
574 3496 664 3583 regio
