2392 3870
123 145 189 210 306
449 144 594 200 CLAVDII
614 142 815 202 curvamur

535 341 582 396 1x.
602 339 723 410 (uem.)

279 473 333 532 ΒΕ
357 470 644 532 HIPPOPOTAMO
667 472 720 532 ET
744 470 977 539 OROOODILO.

123 590 270 674 Vtraque
293 589 430 655 fecundo
452 590 597 655 nutritur
619 590 715 656 belua
737 590 829 677 Nile,

170 678 321 762 Quaeque
344 683 437 743 vorat
459 700 571 743 morsu
595 701 739 763 quaeque
763 680 824 744 sub
848 701 902 744 ore
925 680 1043 746 fremit.

544 869 578 925 x.
598 870 719 941 (xciv.)

149 1002 204 1063 ΒΕ
228 1002 380 1074 AQVILA
404 1001 511 1072 QVAE
534 1002 579 1061 IN
602 1002 740 1062 MENSA
762 1004 817 1063 ΒΕ
842 1003 1117 1065 SARDONYOHE

486 1108 634 1168 LAPIDE
658 1109 773 1171 ERAT.

189 1227 302 1292 Mensa
325 1226 478 1292 eoloratis
501 1226 628 1311 aquilae
652 1227 800 1292 sinuatur
821 1228 857 1292 iu
880 1229 954 1315 alis,

122 1316 225 1394 Quam
248 1316 338 1381 floris
362 1315 518 1402 distingui
556 1316 674 1402 honos,
698 1316 877 1400 similisque
900 1318 1005 1404 figura

122 1405 268 1470 Texitur:
291 1405 479 1488 implumem
501 1405 657 1469 mentitur
680 1427 806 1491 gemma
828 1406 981 1474 volatum.

605 1578 653 1632 xl.

427 1711 481 1768 DE
505 1709 625 1769 ISlDIS
648 1708 829 1771 NAVIGIO.

121 1827 180 1913 Isi,
205 1850 224 1893 ο
248 1829 341 1915 fruge
364 1850 448 1893 nova
472 1821 555 1911 quae
576 1848 662 1892 nune
686 1827 818 1915 dignata
840 1828 941 1893 videri

164 1917 265 1982 Plena
287 1939 346 1981 nea
369 1916 410 1981 ad
434 1915 558 1981 Cereris
581 1938 714 1981 munera
736 1916 844 2001 posuis
868 1939 961 2002 opem

121 2003 221 2092 (Nam
244 2010 281 2071 tu
303 2009 416 2070 nostra
439 2004 497 2069 dea
520 2026 554 2069 es
577 2027 636 2070 nee
658 2009 691 2070 te
715 2004 792 2070 deus
815 2006 884 2089 ipse
907 2006 1034 2071 tacendi

164 2093 316 2179 Abnegat
339 2097 503 2178 expertus,
528 2093 600 2176 quis
623 2097 680 2158 tua
702 2095 774 2159 vela
796 2095 892 2180 ferat3

120 2180 270 2264 Namque
293 2180 355 2245 tibi
377 2180 545 2264 Zephyrus
568 2181 655 2246 favet
679 2204 716 2246 ae
740 2181 905 2266 Cyllenius
929 2182 1024 2271 ales):
1123 2205 1139 2251 5

164 2269 215 2336 Ne
237 2273 351 2335 nostra
373 2269 494 2334 referas
518 2268 556 2332 de
578 2270 711 2355 regione
733 2271 854 2355 pedem.

554 2479 560 2496 ·,
598 2443 650 2496 Xll

490 2576 544 2635 ΒΕ
567 2575 764 2635 LAVACRO.

186 2694 248 2771 Qui
271 2693 438 2778 splendere
461 2695 552 2778 cupis
577 2694 663 2758 claro
686 2692 839 2776 tenuique
862 2694 1004 2781 lavacra,

116 2783 254 2850 Pontica
277 2782 427 2846 sueeedas
450 2783 486 2847 in
508 2783 623 2847 balnea
645 2782 766 2846 nobilis
788 2782 905 2869 undae,

118 2872 222 2950 Quam
244 2893 303 2936 nee
325 2869 502 2934 Alexandri
524 2875 628 2935 mater
650 2871 710 2934 sub
735 2870 802 2934 sole
826 2872 951 2936 uadenti

117 2961 267 3026 Emeruit
291 2957 372 3047 (non
395 2959 423 3023 si
445 2959 534 3024 varia
557 2981 592 3023 se
615 2959 783 3045 aspergine
808 2958 868 3024 Gai

117 3050 273 3114 Effundat
296 3071 354 3133 per
377 3051 488 3132 aperta
510 3049 597 3113 latex
621 3070 637 3111 e
661 3048 791 3112 sedibus
814 3048 888 3111 imis
1118 3069 1134 3116 ὁ

119 3138 199 3204 Cum
223 3137 317 3222 Syrio
340 3135 535 3224 unguento),
559 3159 684 3220 semper
707 3136 759 3201 eui
782 3136 927 3200 roscidus
950 3158 1051 3200 umor.

116 3226 182 3292 Hie
204 3227 327 3290 femora
350 3230 382 3290 et
407 3248 498 3290 suras
521 3230 553 3289 et
576 3226 708 3289 brachia
731 3225 874 3289 molliter
896 3225 998 3289 ambit

115 3315 162 3380 Et
185 3315 270 3402 rigat
293 3315 328 3378 in
351 3314 494 3398 pluviam
518 3314 700 3398 sensimque
723 3313 764 3378 ad
787 3315 871 3379 eolla
893 3314 1056 3379 resultans

178 3509 269 3566 rur
290 3508 359 3583 aar}
378 3505 447 3566 cair.
