<?xml version="1.0" encoding="UTF-8"?>
<!DOCTYPE html PUBLIC "-//W3C//DTD XHTML 1.0 Transitional//EN"
    "http://www.w3.org/TR/xhtml1/DTD/xhtml1-transitional.dtd">
<html xmlns="http://www.w3.org/1999/xhtml" xml:lang="en" lang="en">
 <head>
  <title>
</title>
<meta http-equiv="Content-Type" content="text/html;charset=utf-8" />
  <meta name='ocr-system' content='tesseract 3.04.00' />
  <meta name='ocr-capabilities' content='ocr_page ocr_carea ocr_par ocr_line ocrx_word'/>
</head>
<body>
  <div class='ocr_page' id='page_1' title='image "./claudiiclaudian03claugoog_0056.png"; bbox 0 0 2392 3870; ppageno 0'>
   <div class='ocr_carea' id='block_1_1' title="bbox 176 115 1050 237">
    <p class='ocr_par' dir='ltr' id='par_1_1' title="bbox 176 115 1050 237">
     <span class='ocr_line' id='line_1_1' title="bbox 176 115 1050 237; baseline 0.002 -31"><span class='ocrx_word' id='word_1_1' title='bbox 176 115 180 123; x_wconf 79' lang='grc'><strong>’</strong></span> <span class='ocrx_word' id='word_1_2' title='bbox 269 149 553 235; x_wconf 68' lang='lat' dir='ltr'><strong>honorariorum</strong></span> <span class='ocrx_word' id='word_1_3' title='bbox 573 149 748 206; x_wconf 77' lang='lat' dir='ltr'><strong>carrione.</strong></span> <span class='ocrx_word' id='word_1_4' title='bbox 888 140 1050 237; x_wconf 12' lang='lat' dir='ltr'><strong>,xurx&#39;</strong></span> 
     </span>
    </p>
   </div>
   <div class='ocr_carea' id='block_1_2' title="bbox 46 311 1115 3578">
    <p class='ocr_par' dir='ltr' id='par_1_2' title="bbox 46 311 1115 952">
     <span class='ocr_line' id='line_1_2' title="bbox 145 311 1023 381; baseline 0.002 -15"><span class='ocrx_word' id='word_1_5' title='bbox 145 311 304 366; x_wconf 81' lang='lat' dir='ltr'><strong>cusativum</strong></span> <span class='ocrx_word' id='word_1_6' title='bbox 322 311 390 381; x_wconf 92' lang='lat' dir='ltr'><strong>poni</strong></span> <span class='ocrx_word' id='word_1_7' title='bbox 408 311 440 365; x_wconf 93' lang='lat' dir='ltr'><strong>in</strong></span> <span class='ocrx_word' id='word_1_8' title='bbox 458 311 614 366; x_wconf 89' lang='lat' dir='ltr'><strong>Claudiano</strong></span> <span class='ocrx_word' id='word_1_9' title='bbox 638 329 694 367; x_wconf 89' lang='lat' dir='ltr'><strong>non</strong></span> <span class='ocrx_word' id='word_1_10' title='bbox 717 311 846 378; x_wconf 74' lang='lat' dir='ltr'><strong>memini3</strong></span> <span class='ocrx_word' id='word_1_11' title='bbox 870 311 972 368; x_wconf 87' lang='lat' dir='ltr'><strong>deiude</strong></span> <span class='ocrx_word' id='word_1_12' title='bbox 991 314 1023 368; x_wconf 92' lang='lat' dir='ltr'><strong>iu</strong></span> 
     </span>
     <span class='ocr_line' id='line_1_3' title="bbox 147 383 1023 454; baseline 0.003 -17"><span class='ocrx_word' id='word_1_13' title='bbox 147 384 256 438; x_wconf 90' lang='lat' dir='ltr'><strong>duabus</strong></span> <span class='ocrx_word' id='word_1_14' title='bbox 280 383 429 437; x_wconf 75' lang='lat' dir='ltr'><strong>sententiis</strong></span> <span class='ocrx_word' id='word_1_15' title='bbox 449 401 474 437; x_wconf 85' lang='lat' dir='ltr'><strong>v.</strong></span> <span class='ocrx_word' id='word_1_16' title='bbox 490 388 525 436; x_wconf 83' lang='lat'><strong>53</strong></span> <span class='ocrx_word' id='word_1_17' title='bbox 548 387 578 437; x_wconf 94' lang='lat' dir='ltr'><strong>et</strong></span> <span class='ocrx_word' id='word_1_18' title='bbox 599 388 645 451; x_wconf 77' lang='lat'><strong>54,</strong></span> <span class='ocrx_word' id='word_1_19' title='bbox 674 383 743 451; x_wconf 88' lang='lat' dir='ltr'><strong>quia</strong></span> <span class='ocrx_word' id='word_1_20' title='bbox 769 400 821 453; x_wconf 89' lang='lat' dir='ltr'><strong>per</strong></span> <span class='ocrx_word' id='word_1_21' title='bbox 849 386 1023 454; x_wconf 80' lang='lat' dir='ltr'><strong>anaphoram</strong></span> 
     </span>
     <span class='ocr_line' id='line_1_4' title="bbox 136 453 1022 523; baseline 0.003 -15"><span class='ocrx_word' id='word_1_22' title='bbox 136 455 260 508; x_wconf 77' lang='lat' dir='ltr'><strong>iunctae</strong></span> <span class='ocrx_word' id='word_1_23' title='bbox 280 456 353 523; x_wconf 90' lang='lat' dir='ltr'><strong>sunt,</strong></span> <span class='ocrx_word' id='word_1_24' title='bbox 373 454 472 508; x_wconf 91' lang='lat' dir='ltr'><strong>eadem</strong></span> <span class='ocrx_word' id='word_1_25' title='bbox 486 454 658 508; x_wconf 79' lang='lat' dir='ltr'><strong>constructio</strong></span> <span class='ocrx_word' id='word_1_26' title='bbox 673 453 805 523; x_wconf 79' lang='lat' dir='ltr'><strong>exigitur.</strong></span> <span class='ocrx_word' id='word_1_27' title='bbox 837 454 970 509; x_wconf 91' lang='lat' dir='ltr'><strong>nimirum</strong></span> <span class='ocrx_word' id='word_1_28' title='bbox 985 457 1022 511; x_wconf 91' lang='lat' dir='ltr'><strong>ad</strong></span> 
     </span>
     <span class='ocr_line' id='line_1_5' title="bbox 143 525 1020 596; baseline 0.005 -16"><span class='ocrx_word' id='word_1_29' title='bbox 143 528 262 596; x_wconf 71' lang='lat' dir='ltr'><strong>incipitis</strong></span> <span class='ocrx_word' id='word_1_30' title='bbox 281 525 469 595; x_wconf 88' lang='lat' dir='ltr'><strong>supplendum</strong></span> <span class='ocrx_word' id='word_1_31' title='bbox 488 527 532 580; x_wconf 92' lang='lat' dir='ltr'><strong>est</strong></span> <span class='ocrx_word' id='word_1_32' title='bbox 550 527 614 593; x_wconf 83' lang='lat' dir='ltr'><strong>erit,</strong></span> <span class='ocrx_word' id='word_1_33' title='bbox 638 526 685 579; x_wconf 93' lang='lat' dir='ltr'><strong>cui</strong></span> <span class='ocrx_word' id='word_1_34' title='bbox 707 526 861 594; x_wconf 77' lang='lat' dir='ltr'><strong>respondet</strong></span> <span class='ocrx_word' id='word_1_35' title='bbox 882 530 1020 584; x_wconf 76' lang='lat' dir='ltr'><strong>ornabere.</strong></span> 
     </span>
     <span class='ocr_line' id='line_1_6' title="bbox 46 595 1020 720; baseline 0.002 -68"><span class='ocrx_word' id='word_1_36' title='bbox 46 597 91 652; x_wconf 88' lang='lat' dir='ltr'><strong>IV</strong></span> <span class='ocrx_word' id='word_1_37' title='bbox 143 597 192 720; x_wconf 55' lang='grc' dir='ltr'><strong>(113ζ</strong></span> <span class='ocrx_word' id='word_1_38' title='bbox 194 597 250 720; x_wconf 42' lang='lat' dir='ltr'><strong>{ipos</strong></span> <span class='ocrx_word' id='word_1_39' title='bbox 269 598 392 650; x_wconf 88' lang='lat' dir='ltr'><strong>carmine</strong></span> <span class='ocrx_word' id='word_1_40' title='bbox 411 595 446 651; x_wconf 88' lang='lat' dir='ltr'><strong>ef.</strong></span> <span class='ocrx_word' id='word_1_41' title='bbox 466 596 668 651; x_wconf 89' lang='lat' dir='ltr'><strong>Buechelerum</strong></span> <span class='ocrx_word' id='word_1_42' title='bbox 693 595 769 667; x_wconf 85' lang='lat' dir='ltr'><strong>apud</strong></span> <span class='ocrx_word' id='word_1_43' title='bbox 787 596 908 651; x_wconf 83' lang='lat' dir='ltr'><strong>Birtium</strong></span> <span class='ocrx_word' id='word_1_44' title='bbox 931 598 1020 669; x_wconf 86' lang='lat' dir='ltr'><strong>praef.</strong></span> 
     </span>
     <span class='ocr_line' id='line_1_7' title="bbox 46 669 328 721; baseline 0.021 -6"><span class='ocrx_word' id='word_1_45' title='bbox 46 709 48 715; x_wconf 94' lang='lat'>.</span> <span class='ocrx_word' id='word_1_46' title='bbox 220 669 243 720; x_wconf 81' lang='grc' dir='ltr'>Χ</span> <span class='ocrx_word' id='word_1_47' title='bbox 261 686 288 721; x_wconf 93' lang='lat' dir='ltr'><strong>n.</strong></span> <span class='ocrx_word' id='word_1_48' title='bbox 303 673 328 721; x_wconf 88' lang='grc'><strong>6.</strong></span> 
     </span>
     <span class='ocr_line' id='line_1_8' title="bbox 46 737 1020 861; baseline 0.004 -69"><span class='ocrx_word' id='word_1_49' title='bbox 46 739 90 793; x_wconf 78' lang='lat' dir='ltr'><strong>[V</strong></span> <span class='ocrx_word' id='word_1_50' title='bbox 105 745 121 794; x_wconf 85' lang='lat'>5</span> <span class='ocrx_word' id='word_1_51' title='bbox 140 747 228 794; x_wconf 78' lang='lat' dir='ltr'><strong>mesto</strong></span> <span class='ocrx_word' id='word_1_52' title='bbox 245 741 390 794; x_wconf 77' lang='lat' dir='ltr'><strong>sudantem</strong></span> <span class='ocrx_word' id='word_1_53' title='bbox 407 739 523 794; x_wconf 75' lang='lat' dir='ltr'><strong>ventilat</strong></span> <span class='ocrx_word' id='word_1_54' title='bbox 540 738 637 861; x_wconf 51' lang='lat' dir='ltr'><strong>acamfl</strong></span> <span class='ocrx_word' id='word_1_55' title='bbox 654 737 807 793; x_wconf 84' lang='lat' dir='ltr'><strong>lectionem</strong></span> <span class='ocrx_word' id='word_1_56' title='bbox 823 739 964 794; x_wconf 80' lang='lat' dir='ltr'><strong>stabilivit</strong></span> <span class='ocrx_word' id='word_1_57' title='bbox 978 740 1020 797; x_wconf 91' lang='lat' dir='ltr'><strong>Bi.</strong></span> 
     </span>
     <span class='ocr_line' id='line_1_9' title="bbox 143 808 1020 878; baseline 0.003 -15"><span class='ocrx_word' id='word_1_58' title='bbox 143 827 195 863; x_wconf 91' lang='lat' dir='ltr'><strong>nec</strong></span> <span class='ocrx_word' id='word_1_59' title='bbox 217 809 360 864; x_wconf 83' lang='lat' dir='ltr'><strong>inutiliter</strong></span> <span class='ocrx_word' id='word_1_60' title='bbox 381 808 546 864; x_wconf 88' lang='lat' dir='ltr'><strong>conferatur·</strong></span> <span class='ocrx_word' id='word_1_61' title='bbox 566 811 616 863; x_wconf 90' lang='lat' dir='ltr'><strong>ant</strong></span> <span class='ocrx_word' id='word_1_62' title='bbox 638 809 734 878; x_wconf 82' lang='lat' dir='ltr'><strong>ologia</strong></span> <span class='ocrx_word' id='word_1_63' title='bbox 759 809 851 864; x_wconf 88' lang='lat' dir='ltr'><strong>latina</strong></span> <span class='ocrx_word' id='word_1_64' title='bbox 873 811 1020 867; x_wconf 72' lang='lat' dir='ltr'><strong>edidisse</strong></span> 
     </span>
     <span class='ocr_line' id='line_1_10' title="bbox 70 882 1115 952; baseline 0.004 -18"><span class='ocrx_word' id='word_1_65' title='bbox 70 920 74 925; x_wconf 64' lang='grc'><strong>.</strong></span> <span class='ocrx_word' id='word_1_66' title='bbox 142 884 428 936; x_wconf 78' lang='lat' dir='ltr'><strong>c.erev.·e=mreto</strong></span> <span class='ocrx_word' id='word_1_67' title='bbox 445 882 721 952; x_wconf 45' lang='lat' dir='ltr'><strong>providarum.</strong></span> <span class='ocrx_word' id='word_1_68' title='bbox 1111 885 1115 892; x_wconf 87' lang='lat'>&#39;</span> 
     </span>
    </p>

    <p class='ocr_par' dir='ltr' id='par_1_3' title="bbox 89 950 1020 1362">
     <span class='ocr_line' id='line_1_11' title="bbox 89 950 1020 1024; baseline 0 -18"><span class='ocrx_word' id='word_1_69' title='bbox 89 957 124 1006; x_wconf 82' lang='lat'><strong>13</strong></span> <span class='ocrx_word' id='word_1_70' title='bbox 142 952 284 1023; x_wconf 74' lang='lat' dir='ltr'><strong>repentes]</strong></span> <span class='ocrx_word' id='word_1_71' title='bbox 299 951 446 1006; x_wconf 91' lang='lat' dir='ltr'><strong>Heinsium</strong></span> <span class='ocrx_word' id='word_1_72' title='bbox 461 953 573 1005; x_wconf 90' lang='lat' dir='ltr'><strong>secutus</strong></span> <span class='ocrx_word' id='word_1_73' title='bbox 584 950 692 1021; x_wconf 81' lang='lat' dir='ltr'><strong>recepi3</strong></span> <span class='ocrx_word' id='word_1_74' title='bbox 706 969 772 1005; x_wconf 89' lang='lat' dir='ltr'><strong>nam</strong></span> <span class='ocrx_word' id='word_1_75' title='bbox 782 960 929 1024; x_wconf 80' lang='lat' dir='ltr'><strong>reparetur,</strong></span> <span class='ocrx_word' id='word_1_76' title='bbox 943 955 1020 1022; x_wconf 88' lang='lat' dir='ltr'><strong>quod</strong></span> 
     </span>
     <span class='ocr_line' id='line_1_12' title="bbox 144 1022 1020 1092; baseline 0.002 -16"><span class='ocrx_word' id='word_1_77' title='bbox 144 1024 281 1092; x_wconf 86' lang='lat' dir='ltr'><strong>praebent</strong></span> <span class='ocrx_word' id='word_1_78' title='bbox 296 1023 365 1076; x_wconf 88' lang='lat' dir='ltr'><strong>libri</strong></span> <span class='ocrx_word' id='word_1_79' title='bbox 378 1039 483 1092; x_wconf 90' lang='lat' dir='ltr'><strong>omnes,</strong></span> <span class='ocrx_word' id='word_1_80' title='bbox 503 1023 662 1091; x_wconf 83' lang='lat' dir='ltr'><strong>asyndeton</strong></span> <span class='ocrx_word' id='word_1_81' title='bbox 676 1022 772 1092; x_wconf 88' lang='lat' dir='ltr'><strong>efficit,</strong></span> <span class='ocrx_word' id='word_1_82' title='bbox 792 1023 869 1092; x_wconf 93' lang='lat' dir='ltr'><strong>quod</strong></span> <span class='ocrx_word' id='word_1_83' title='bbox 882 1029 1020 1092; x_wconf 88' lang='lat' dir='ltr'><strong>quantum</strong></span> 
     </span>
     <span class='ocr_line' id='line_1_13' title="bbox 142 1093 1019 1163; baseline 0.003 -16"><span class='ocrx_word' id='word_1_84' title='bbox 142 1096 238 1163; x_wconf 90' lang='lat' dir='ltr'><strong>potest</strong></span> <span class='ocrx_word' id='word_1_85' title='bbox 256 1093 346 1148; x_wconf 73' lang='lat' dir='ltr'><strong>evitat</strong></span> <span class='ocrx_word' id='word_1_86' title='bbox 363 1096 450 1163; x_wconf 91' lang='lat' dir='ltr'><strong>poeta</strong></span> <span class='ocrx_word' id='word_1_87' title='bbox 467 1093 498 1146; x_wconf 94' lang='lat' dir='ltr'><strong>in</strong></span> <span class='ocrx_word' id='word_1_88' title='bbox 515 1093 795 1163; x_wconf 89' lang='lat' dir='ltr'><strong>tali-compositione</strong></span> <span class='ocrx_word' id='word_1_89' title='bbox 814 1096 1019 1151; x_wconf 88' lang='lat' dir='ltr'><strong>sententiarum</strong></span> 
     </span>
     <span class='ocr_line' id='line_1_14' title="bbox 142 1165 1020 1235; baseline 0.002 -16"><span class='ocrx_word' id='word_1_90' title='bbox 142 1182 192 1234; x_wconf 90' lang='lat' dir='ltr'><strong>per</strong></span> <span class='ocrx_word' id='word_1_91' title='bbox 209 1165 326 1234; x_wconf 90' lang='lat' dir='ltr'><strong>copulas</strong></span> <span class='ocrx_word' id='word_1_92' title='bbox 344 1165 503 1219; x_wconf 88' lang='lat' dir='ltr'><strong>coniuncta.</strong></span> <span class='ocrx_word' id='word_1_93' title='bbox 535 1166 660 1219; x_wconf 88' lang='lat' dir='ltr'><strong>ceterum</strong></span> <span class='ocrx_word' id='word_1_94' title='bbox 674 1165 785 1219; x_wconf 90' lang='lat' dir='ltr'><strong>Heinsii</strong></span> <span class='ocrx_word' id='word_1_95' title='bbox 804 1165 1020 1235; x_wconf 84' lang='lat' dir='ltr'><strong>elegantissima</strong></span> 
     </span>
     <span class='ocr_line' id='line_1_15' title="bbox 143 1235 1019 1305; baseline 0.001 -15"><span class='ocrx_word' id='word_1_96' title='bbox 143 1235 305 1290; x_wconf 89' lang='lat' dir='ltr'><strong>coniectura</strong></span> <span class='ocrx_word' id='word_1_97' title='bbox 323 1236 500 1305; x_wconf 89' lang='lat' dir='ltr'><strong>aliquantum</strong></span> <span class='ocrx_word' id='word_1_98' title='bbox 518 1235 630 1290; x_wconf 88' lang='lat' dir='ltr'><strong>tollitur</strong></span> <span class='ocrx_word' id='word_1_99' title='bbox 656 1237 779 1290; x_wconf 90' lang='lat' dir='ltr'><strong>molesta</strong></span> <span class='ocrx_word' id='word_1_100' title='bbox 801 1237 936 1305; x_wconf 88' lang='lat' dir='ltr'><strong>repetitio</strong></span> <span class='ocrx_word' id='word_1_101' title='bbox 959 1255 1019 1293; x_wconf 89' lang='lat' dir='ltr'><strong>ver·</strong></span> 
     </span>
     <span class='ocr_line' id='line_1_16' title="bbox 141 1305 582 1362; baseline 0.005 -2"><span class='ocrx_word' id='word_1_102' title='bbox 141 1307 241 1360; x_wconf 89' lang='lat' dir='ltr'><strong>borum</strong></span> <span class='ocrx_word' id='word_1_103' title='bbox 259 1307 290 1361; x_wconf 91' lang='lat' dir='ltr'><strong>in</strong></span> <span class='ocrx_word' id='word_1_104' title='bbox 307 1325 343 1362; x_wconf 84' lang='lat' dir='ltr'><strong>wr</strong></span> <span class='ocrx_word' id='word_1_105' title='bbox 360 1305 582 1362; x_wconf 82' lang='lat' dir='ltr'><strong>terminantium.</strong></span> 
     </span>
    </p>

    <p class='ocr_par' dir='ltr' id='par_1_4' title="bbox 86 1377 1019 1661">
     <span class='ocr_line' id='line_1_17' title="bbox 86 1377 1017 1450; baseline 0 -17"><span class='ocrx_word' id='word_1_106' title='bbox 86 1385 123 1434; x_wconf 77' lang='lat'><strong>28</strong></span> <span class='ocrx_word' id='word_1_107' title='bbox 138 1378 276 1450; x_wconf 83' lang='lat' dir='ltr'><strong>papillae]</strong></span> <span class='ocrx_word' id='word_1_108' title='bbox 294 1378 367 1432; x_wconf 87' lang='lat' dir='ltr'><strong>hane</strong></span> <span class='ocrx_word' id='word_1_109' title='bbox 386 1395 484 1432; x_wconf 79' lang='lat' dir='ltr'><strong>vocem</strong></span> <span class='ocrx_word' id='word_1_110' title='bbox 503 1377 579 1431; x_wconf 93' lang='lat' dir='ltr'><strong>solus</strong></span> <span class='ocrx_word' id='word_1_111' title='bbox 597 1377 620 1431; x_wconf 91' lang='lat' dir='ltr'>P</span> <span class='ocrx_word' id='word_1_112' title='bbox 638 1379 770 1446; x_wconf 88' lang='lat' dir='ltr'><strong>testatur,</strong></span> <span class='ocrx_word' id='word_1_113' title='bbox 790 1377 869 1432; x_wconf 90' lang='lat' dir='ltr'><strong>cuius</strong></span> <span class='ocrx_word' id='word_1_114' title='bbox 888 1380 1017 1434; x_wconf 88' lang='lat' dir='ltr'><strong>testimo-</strong></span> 
     </span>
     <span class='ocr_line' id='line_1_18' title="bbox 140 1447 1017 1518; baseline 0.001 -15"><span class='ocrx_word' id='word_1_115' title='bbox 140 1449 219 1503; x_wconf 90' lang='lat' dir='ltr'><strong>nium</strong></span> <span class='ocrx_word' id='word_1_116' title='bbox 238 1449 409 1504; x_wconf 85' lang='lat' dir='ltr'><strong>auctoritate</strong></span> <span class='ocrx_word' id='word_1_117' title='bbox 428 1466 461 1503; x_wconf 91' lang='lat' dir='ltr'><strong>eo</strong></span> <span class='ocrx_word' id='word_1_118' title='bbox 480 1448 626 1518; x_wconf 84' lang='lat' dir='ltr'><strong>increscit,</strong></span> <span class='ocrx_word' id='word_1_119' title='bbox 651 1449 726 1516; x_wconf 89' lang='lat' dir='ltr'><strong>quod</strong></span> <span class='ocrx_word' id='word_1_120' title='bbox 745 1450 786 1503; x_wconf 88' lang='lat' dir='ltr'><strong>V¹</strong></span> <span class='ocrx_word' id='word_1_121' title='bbox 805 1447 835 1501; x_wconf 91' lang='lat' dir='ltr'><strong>in</strong></span> <span class='ocrx_word' id='word_1_122' title='bbox 858 1449 912 1504; x_wconf 90' lang='lat' dir='ltr'><strong>hoc</strong></span> <span class='ocrx_word' id='word_1_123' title='bbox 935 1466 1017 1504; x_wconf 87' lang='lat' dir='ltr'><strong>versu</strong></span> 
     </span>
     <span class='ocr_line' id='line_1_19' title="bbox 142 1519 1019 1590; baseline 0.003 -16"><span class='ocrx_word' id='word_1_124' title='bbox 142 1521 238 1589; x_wconf 87' lang='lat' dir='ltr'><strong>deest,</strong></span> <span class='ocrx_word' id='word_1_125' title='bbox 258 1521 330 1574; x_wconf 89' lang='lat' dir='ltr'><strong>solet</strong></span> <span class='ocrx_word' id='word_1_126' title='bbox 349 1523 445 1574; x_wconf 88' lang='lat' dir='ltr'><strong>autem</strong></span> <span class='ocrx_word' id='word_1_127' title='bbox 463 1519 485 1573; x_wconf 92' lang='lat' dir='ltr'><strong>P</strong></span> <span class='ocrx_word' id='word_1_128' title='bbox 505 1536 568 1573; x_wconf 87' lang='lat' dir='ltr'><strong>cum</strong></span> <span class='ocrx_word' id='word_1_129' title='bbox 585 1519 629 1574; x_wconf 87' lang='lat' dir='ltr'><strong>V¹</strong></span> <span class='ocrx_word' id='word_1_130' title='bbox 648 1519 817 1589; x_wconf 81' lang='lat' dir='ltr'><strong>conspirare.</strong></span> <span class='ocrx_word' id='word_1_131' title='bbox 855 1521 1019 1590; x_wconf 74' lang='lat' dir='ltr'><strong>capillorum</strong></span> 
     </span>
     <span class='ocr_line' id='line_1_20' title="bbox 140 1589 1019 1661; baseline 0.002 -17"><span class='ocrx_word' id='word_1_132' title='bbox 140 1590 247 1645; x_wconf 89' lang='lat' dir='ltr'><strong>mentio</strong></span> <span class='ocrx_word' id='word_1_133' title='bbox 265 1593 331 1660; x_wconf 92' lang='lat' dir='ltr'><strong>post</strong></span> <span class='ocrx_word' id='word_1_134' title='bbox 348 1608 438 1647; x_wconf 84' lang='lat' dir='ltr'><strong>comae</strong></span> <span class='ocrx_word' id='word_1_135' title='bbox 457 1593 533 1645; x_wconf 90' lang='lat' dir='ltr'><strong>certe</strong></span> <span class='ocrx_word' id='word_1_136' title='bbox 551 1589 753 1645; x_wconf 87' lang='lat' dir='ltr'><strong>molestissima</strong></span> <span class='ocrx_word' id='word_1_137' title='bbox 772 1590 898 1661; x_wconf 87' lang='lat' dir='ltr'><strong>videtur,</strong></span> <span class='ocrx_word' id='word_1_138' title='bbox 918 1609 1019 1660; x_wconf 85' lang='lat' dir='ltr'><strong>quam-</strong></span> 
     </span>
    </p>

    <p class='ocr_par' dir='ltr' id='par_1_5' title="bbox 67 1660 1016 1731">
     <span class='ocr_line' id='line_1_21' title="bbox 67 1660 1016 1731; baseline 0.004 -16"><span class='ocrx_word' id='word_1_139' title='bbox 67 1665 70 1669; x_wconf 78' lang='grc'>’</span> <span class='ocrx_word' id='word_1_140' title='bbox 142 1678 228 1730; x_wconf 89' lang='lat' dir='ltr'><strong>quam</strong></span> <span class='ocrx_word' id='word_1_141' title='bbox 251 1662 383 1716; x_wconf 89' lang='lat' dir='ltr'><strong>similiter</strong></span> <span class='ocrx_word' id='word_1_142' title='bbox 406 1662 537 1731; x_wconf 89' lang='lat' dir='ltr'><strong>peccavit</strong></span> <span class='ocrx_word' id='word_1_143' title='bbox 560 1660 668 1716; x_wconf 85' lang='lat' dir='ltr'><strong>Seneca</strong></span> <span class='ocrx_word' id='word_1_144' title='bbox 691 1662 854 1731; x_wconf 87' lang='lat' dir='ltr'><strong>apotheosis</strong></span> <span class='ocrx_word' id='word_1_145' title='bbox 874 1668 928 1718; x_wconf 86' lang='lat' dir='ltr'><strong>c.4</strong></span> <span class='ocrx_word' id='word_1_146' title='bbox 947 1682 972 1719; x_wconf 89' lang='lat' dir='ltr'><strong>v.</strong></span> <span class='ocrx_word' id='word_1_147' title='bbox 988 1671 1016 1719; x_wconf 83' lang='lat'><strong>3:</strong></span> 
     </span>
    </p>

    <p class='ocr_par' dir='ltr' id='par_1_6' title="bbox 90 1734 1018 1814">
     <span class='ocr_line' id='line_1_22' title="bbox 90 1734 1018 1814; baseline 0.002 -26"><span class='ocrx_word' id='word_1_148' title='bbox 90 1801 93 1805; x_wconf 20' lang='grc' dir='ltr'><strong><em>Ι</em></strong></span> <span class='ocrx_word' id='word_1_149' title='bbox 140 1740 172 1788; x_wconf 82' lang='lat' dir='ltr'><strong>ot</strong></span> <span class='ocrx_word' id='word_1_150' title='bbox 189 1734 319 1789; x_wconf 75' lang='lat' dir='ltr'><strong>Lachesis</strong></span> <span class='ocrx_word' id='word_1_151' title='bbox 340 1735 469 1790; x_wconf 80' lang='lat' dir='ltr'><strong>redimita</strong></span> <span class='ocrx_word' id='word_1_152' title='bbox 490 1749 592 1801; x_wconf 74' lang='lat' dir='ltr'><strong>canas,</strong></span> <span class='ocrx_word' id='word_1_153' title='bbox 615 1739 716 1788; x_wconf 68' lang='lat' dir='ltr'><strong>wacta</strong></span> <span class='ocrx_word' id='word_1_154' title='bbox 738 1735 861 1814; x_wconf 77' lang='lat' dir='ltr'><strong>capillos.</strong></span> <span class='ocrx_word' id='word_1_155' title='bbox 892 1737 1018 1805; x_wconf 77' lang='lat' dir='ltr'><strong>papillae</strong></span> 
     </span>
    </p>

    <p class='ocr_par' dir='ltr' id='par_1_7' title="bbox 46 1804 1018 1931">
     <span class='ocr_line' id='line_1_23' title="bbox 140 1804 1018 1928; baseline 0.005 -70"><span class='ocrx_word' id='word_1_156' title='bbox 140 1804 291 1928; x_wconf 53' lang='lat' dir='ltr'><strong>{remorari</strong></span> <span class='ocrx_word' id='word_1_157' title='bbox 304 1805 482 1858; x_wconf 89' lang='lat' dir='ltr'><strong>commendat</strong></span> <span class='ocrx_word' id='word_1_158' title='bbox 493 1804 580 1858; x_wconf 88' lang='lat' dir='ltr'><strong>etiam</strong></span> <span class='ocrx_word' id='word_1_159' title='bbox 589 1821 685 1858; x_wconf 85' lang='lat' dir='ltr'><strong>versus</strong></span> <span class='ocrx_word' id='word_1_160' title='bbox 697 1811 721 1872; x_wconf 83' lang='lat'><strong>7,</strong></span> <span class='ocrx_word' id='word_1_161' title='bbox 736 1805 786 1858; x_wconf 87' lang='lat' dir='ltr'><strong>ubr</strong></span> <span class='ocrx_word' id='word_1_162' title='bbox 796 1812 892 1874; x_wconf 78' lang='lat' dir='ltr'><strong>pectas</strong></span> <span class='ocrx_word' id='word_1_163' title='bbox 905 1813 1018 1862; x_wconf 76' lang='lat' dir='ltr'><strong>exutam</strong></span> 
     </span>
     <span class='ocr_line' id='line_1_24' title="bbox 46 1874 255 1931; baseline 0.014 -3"><span class='ocrx_word' id='word_1_164' title='bbox 46 1910 51 1917; x_wconf 87' lang='lat'>-</span> <span class='ocrx_word' id='word_1_165' title='bbox 155 1891 170 1928; x_wconf 94' lang='lat' dir='ltr'><strong>e</strong></span> <span class='ocrx_word' id='word_1_166' title='bbox 193 1874 255 1931; x_wconf 82' lang='lat' dir='ltr'><strong>tur.</strong></span> 
     </span>
    </p>

    <p class='ocr_par' dir='ltr' id='par_1_8' title="bbox 81 1892 1016 2070">
     <span class='ocr_line' id='line_1_25' title="bbox 81 1892 1016 2070; baseline 0 -68"><span class='ocrx_word' id='word_1_167' title='bbox 81 1953 122 2002; x_wconf 89' lang='lat'><strong>30</strong></span> <span class='ocrx_word' id='word_1_168' title='bbox 142 1892 262 2070; x_wconf 41' lang='lat' dir='ltr'><strong>pailet&amp;</strong></span> <span class='ocrx_word' id='word_1_169' title='bbox 283 1963 377 2001; x_wconf 91' lang='lat' dir='ltr'><strong>omnes</strong></span> <span class='ocrx_word' id='word_1_170' title='bbox 393 1947 509 2016; x_wconf 88' lang='lat' dir='ltr'><strong>praeter</strong></span> <span class='ocrx_word' id='word_1_171' title='bbox 522 1945 553 2014; x_wconf 86' lang='lat' dir='ltr'><strong>E,</strong></span> <span class='ocrx_word' id='word_1_172' title='bbox 574 1946 622 2014; x_wconf 93' lang='lat' dir='ltr'><strong>qui</strong></span> <span class='ocrx_word' id='word_1_173' title='bbox 640 1945 729 2000; x_wconf 91' lang='lat' dir='ltr'><strong>habet</strong></span> <span class='ocrx_word' id='word_1_174' title='bbox 738 1948 838 2016; x_wconf 77' lang='lat' dir='ltr'><strong>poscit.</strong></span> <span class='ocrx_word' id='word_1_175' title='bbox 869 1947 920 2000; x_wconf 91' lang='lat' dir='ltr'><strong>sed</strong></span> <span class='ocrx_word' id='word_1_176' title='bbox 934 1965 1016 2017; x_wconf 77' lang='lat' dir='ltr'><strong>paee-</strong></span> 
     </span>
    </p>

    <p class='ocr_par' dir='ltr' id='par_1_9' title="bbox 138 2017 1015 2086">
     <span class='ocr_line' id='line_1_26' title="bbox 138 2017 1015 2086; baseline 0 -14"><span class='ocrx_word' id='word_1_177' title='bbox 138 2019 214 2072; x_wconf 79' lang='lat' dir='ltr'><strong>re&#39;twr</strong></span> <span class='ocrx_word' id='word_1_178' title='bbox 257 2033 422 2086; x_wconf 80' lang='lat' dir='ltr'><strong>ymenaeus,</strong></span> <span class='ocrx_word' id='word_1_179' title='bbox 451 2018 518 2085; x_wconf 88' lang='lat' dir='ltr'><strong>quia</strong></span> <span class='ocrx_word' id='word_1_180' title='bbox 536 2017 616 2086; x_wconf 87' lang='lat' dir='ltr'><strong>latet,</strong></span> <span class='ocrx_word' id='word_1_181' title='bbox 636 2018 665 2070; x_wconf 92' lang='lat' dir='ltr'><strong>et</strong></span> <span class='ocrx_word' id='word_1_182' title='bbox 753 2020 837 2073; x_wconf 79' lang='lat' dir='ltr'><strong>eitam</strong></span> <span class='ocrx_word' id='word_1_183' title='bbox 859 2034 922 2071; x_wconf 90' lang='lat' dir='ltr'><strong>eum</strong></span> <span class='ocrx_word' id='word_1_184' title='bbox 947 2035 1015 2086; x_wconf 88' lang='lat' dir='ltr'><strong>esse,</strong></span> 
     </span>
    </p>

    <p class='ocr_par' dir='ltr' id='par_1_10' title="bbox 53 2087 1016 2299">
     <span class='ocr_line' id='line_1_27' title="bbox 53 2087 1015 2158; baseline 0.005 -18"><span class='ocrx_word' id='word_1_185' title='bbox 53 2093 58 2100; x_wconf 86' lang='lat'><strong>‘</strong></span> <span class='ocrx_word' id='word_1_186' title='bbox 139 2105 197 2142; x_wconf 92' lang='lat' dir='ltr'><strong>non</strong></span> <span class='ocrx_word' id='word_1_187' title='bbox 210 2090 391 2158; x_wconf 76' lang='lat' dir='ltr'><strong>postulatam,</strong></span> <span class='ocrx_word' id='word_1_188' title='bbox 410 2088 493 2142; x_wconf 86' lang='lat' dir='ltr'><strong>docet</strong></span> <span class='ocrx_word' id='word_1_189' title='bbox 512 2104 608 2142; x_wconf 88' lang='lat' dir='ltr'><strong>versus</strong></span> <span class='ocrx_word' id='word_1_190' title='bbox 623 2093 658 2141; x_wconf 84' lang='grc'><strong>34</strong></span> <span class='ocrx_word' id='word_1_191' title='bbox 673 2105 690 2141; x_wconf 91' lang='lat' dir='ltr'><strong>u</strong></span> <span class='ocrx_word' id='word_1_192' title='bbox 711 2090 720 2142; x_wconf 93' lang='lat' dir='ltr'><strong>i</strong></span> <span class='ocrx_word' id='word_1_193' title='bbox 734 2088 878 2143; x_wconf 88' lang='lat' dir='ltr'><strong>invenitur</strong></span> <span class='ocrx_word' id='word_1_194' title='bbox 891 2087 937 2143; x_wconf 87' lang='lat' dir='ltr'><strong>vel</strong></span> <span class='ocrx_word' id='word_1_195' title='bbox 951 2106 1015 2145; x_wconf 80' lang='lat' dir='ltr'><strong>coa·</strong></span> 
     </span>
     <span class='ocr_line' id='line_1_28' title="bbox 140 2158 1016 2229; baseline -0.001 -15"><span class='ocrx_word' id='word_1_196' title='bbox 140 2161 258 2229; x_wconf 79' lang='lat' dir='ltr'><strong>epicitwr</strong></span> <span class='ocrx_word' id='word_1_197' title='bbox 271 2161 388 2214; x_wconf 72' lang='lat' dir='ltr'><strong>tandem,</strong></span> <span class='ocrx_word' id='word_1_198' title='bbox 421 2158 543 2227; x_wconf 90' lang='lat' dir='ltr'><strong>denique</strong></span> <span class='ocrx_word' id='word_1_199' title='bbox 556 2158 731 2228; x_wconf 84' lang='lat' dir='ltr'><strong>praepositio</strong></span> <span class='ocrx_word' id='word_1_200' title='bbox 744 2161 817 2216; x_wconf 78' lang='lat' dir='ltr'><strong>inter</strong></span> <span class='ocrx_word' id='word_1_201' title='bbox 830 2179 855 2215; x_wconf 82' lang='lat' dir='ltr'><strong>r.</strong></span> <span class='ocrx_word' id='word_1_202' title='bbox 867 2166 900 2214; x_wconf 76' lang='lat'><strong>29</strong></span> <span class='ocrx_word' id='word_1_203' title='bbox 915 2160 1016 2214; x_wconf 92' lang='lat' dir='ltr'><strong>melius</strong></span> 
     </span>
     <span class='ocr_line' id='line_1_29' title="bbox 140 2229 868 2299; baseline 0.004 -17"><span class='ocrx_word' id='word_1_204' title='bbox 140 2247 205 2283; x_wconf 91' lang='lat' dir='ltr'><strong>cum</strong></span> <span class='ocrx_word' id='word_1_205' title='bbox 223 2248 350 2299; x_wconf 77' lang='lat' dir='ltr'><strong>quaerere</strong></span> <span class='ocrx_word' id='word_1_206' title='bbox 369 2247 454 2298; x_wconf 88' lang='lat' dir='ltr'><strong>quam</strong></span> <span class='ocrx_word' id='word_1_207' title='bbox 472 2247 536 2284; x_wconf 91' lang='lat' dir='ltr'><strong>cum</strong></span> <span class='ocrx_word' id='word_1_208' title='bbox 550 2247 661 2299; x_wconf 83' lang='lat' dir='ltr'><strong>poecere</strong></span> <span class='ocrx_word' id='word_1_209' title='bbox 679 2229 868 2299; x_wconf 82' lang='lat' dir='ltr'><strong>coniungitur.</strong></span> 
     </span>
    </p>

    <p class='ocr_par' dir='ltr' id='par_1_11' title="bbox 79 2300 1092 2938">
     <span class='ocr_line' id='line_1_30' title="bbox 79 2300 1014 2372; baseline -0.003 -14"><span class='ocrx_word' id='word_1_210' title='bbox 79 2307 120 2358; x_wconf 82' lang='lat'><strong>70</strong></span> <span class='ocrx_word' id='word_1_211' title='bbox 140 2302 249 2372; x_wconf 81' lang='lat' dir='ltr'><strong>matris]</strong></span> <span class='ocrx_word' id='word_1_212' title='bbox 258 2300 391 2355; x_wconf 86' lang='lat' dir='ltr'><strong>Heinsius</strong></span> <span class='ocrx_word' id='word_1_213' title='bbox 395 2304 495 2370; x_wconf 72' lang='lat' dir='ltr'><strong>patris.</strong></span> <span class='ocrx_word' id='word_1_214' title='bbox 510 2304 570 2355; x_wconf 89' lang='lat' dir='ltr'><strong>tam</strong></span> <span class='ocrx_word' id='word_1_215' title='bbox 577 2318 692 2370; x_wconf 83' lang='lat' dir='ltr'><strong>gravem</strong></span> <span class='ocrx_word' id='word_1_216' title='bbox 699 2303 884 2355; x_wconf 86' lang='lat' dir='ltr'><strong>mutationem</strong></span> <span class='ocrx_word' id='word_1_217' title='bbox 891 2303 1014 2356; x_wconf 89' lang='lat' dir='ltr'><strong>utevite·</strong></span> 
     </span>
     <span class='ocr_line' id='line_1_31' title="bbox 139 2371 1015 2441; baseline 0.002 -17"><span class='ocrx_word' id='word_1_218' title='bbox 139 2390 211 2439; x_wconf 89' lang='lat' dir='ltr'><strong>mus,</strong></span> <span class='ocrx_word' id='word_1_219' title='bbox 224 2372 255 2426; x_wconf 91' lang='lat' dir='ltr'><strong>in</strong></span> <span class='ocrx_word' id='word_1_220' title='bbox 264 2372 552 2441; x_wconf 88' lang='lat' dir='ltr'><strong>Celerinaeparentes</strong></span> <span class='ocrx_word' id='word_1_221' title='bbox 562 2372 770 2427; x_wconf 88' lang='lat' dir='ltr'><strong>accuratissime</strong></span> <span class='ocrx_word' id='word_1_222' title='bbox 781 2371 904 2426; x_wconf 84' lang='lat' dir='ltr'><strong>excussis</strong></span> <span class='ocrx_word' id='word_1_223' title='bbox 913 2375 1015 2441; x_wconf 87' lang='lat' dir='ltr'><strong>poetae</strong></span> 
     </span>
     <span class='ocr_line' id='line_1_32' title="bbox 141 2441 1016 2512; baseline 0.001 -16"><span class='ocrx_word' id='word_1_224' title='bbox 141 2442 236 2497; x_wconf 86' lang='lat' dir='ltr'><strong>verbis</strong></span> <span class='ocrx_word' id='word_1_225' title='bbox 254 2443 454 2511; x_wconf 90' lang='lat' dir='ltr'><strong>inquirendum</strong></span> <span class='ocrx_word' id='word_1_226' title='bbox 472 2443 535 2497; x_wconf 89' lang='lat' dir='ltr'><strong>erit.</strong></span> <span class='ocrx_word' id='word_1_227' title='bbox 567 2446 597 2497; x_wconf 91' lang='lat' dir='ltr'><strong>et</strong></span> <span class='ocrx_word' id='word_1_228' title='bbox 613 2442 735 2512; x_wconf 90' lang='lat' dir='ltr'><strong>primum</strong></span> <span class='ocrx_word' id='word_1_229' title='bbox 749 2441 866 2495; x_wconf 85' lang='lat' dir='ltr'><strong>maximi</strong></span> <span class='ocrx_word' id='word_1_230' title='bbox 879 2443 1016 2497; x_wconf 90' lang='lat' dir='ltr'><strong>momenti</strong></span> 
     </span>
     <span class='ocr_line' id='line_1_33' title="bbox 140 2512 1015 2583; baseline 0.002 -17"><span class='ocrx_word' id='word_1_231' title='bbox 140 2513 196 2567; x_wconf 89' lang='lat' dir='ltr'><strong>hoc</strong></span> <span class='ocrx_word' id='word_1_232' title='bbox 214 2530 276 2568; x_wconf 88' lang='lat' dir='ltr'><strong>esse</strong></span> <span class='ocrx_word' id='word_1_233' title='bbox 291 2513 413 2582; x_wconf 85' lang='lat' dir='ltr'><strong>videtur,</strong></span> <span class='ocrx_word' id='word_1_234' title='bbox 433 2513 508 2580; x_wconf 87' lang='lat' dir='ltr'><strong>quod</strong></span> <span class='ocrx_word' id='word_1_235' title='bbox 522 2512 667 2569; x_wconf 87' lang='lat' dir='ltr'><strong>Celerinae</strong></span> <span class='ocrx_word' id='word_1_236' title='bbox 680 2513 770 2582; x_wconf 89' lang='lat' dir='ltr'><strong>patris</strong></span> <span class='ocrx_word' id='word_1_237' title='bbox 785 2529 888 2567; x_wconf 90' lang='lat' dir='ltr'><strong>nomen</strong></span> <span class='ocrx_word' id='word_1_238' title='bbox 901 2530 1015 2583; x_wconf 87' lang='lat' dir='ltr'><strong>prorsus</strong></span> 
     </span>
     <span class='ocr_line' id='line_1_34' title="bbox 139 2584 1014 2656; baseline 0 -18"><span class='ocrx_word' id='word_1_239' title='bbox 139 2586 251 2638; x_wconf 87' lang='lat' dir='ltr'><strong>tacetur</strong></span> <span class='ocrx_word' id='word_1_240' title='bbox 268 2603 295 2641; x_wconf 86' lang='lat' dir='ltr'><strong>v.</strong></span> <span class='ocrx_word' id='word_1_241' title='bbox 310 2588 344 2638; x_wconf 85' lang='grc'><strong>83</strong></span> <span class='ocrx_word' id='word_1_242' title='bbox 364 2584 498 2656; x_wconf 68' lang='lat' dir='ltr'><strong>(petitor).</strong></span> <span class='ocrx_word' id='word_1_243' title='bbox 536 2601 585 2638; x_wconf 91' lang='lat' dir='ltr'><strong>cur</strong></span> <span class='ocrx_word' id='word_1_244' title='bbox 607 2587 749 2654; x_wconf 80' lang='lat' dir='ltr'><strong>taceatur,</strong></span> <span class='ocrx_word' id='word_1_245' title='bbox 775 2584 915 2638; x_wconf 87' lang='lat' dir='ltr'><strong>nescimus</strong></span> <span class='ocrx_word' id='word_1_246' title='bbox 938 2601 1014 2639; x_wconf 89' lang='lat' dir='ltr'><strong>sane.</strong></span> 
     </span>
     <span class='ocr_line' id='line_1_35' title="bbox 138 2655 1016 2710; baseline 0.002 -2"><span class='ocrx_word' id='word_1_247' title='bbox 138 2655 198 2709; x_wconf 90' lang='lat' dir='ltr'><strong>iam</strong></span> <span class='ocrx_word' id='word_1_248' title='bbox 215 2673 282 2710; x_wconf 84' lang='lat' dir='ltr'><strong>vero</strong></span> <span class='ocrx_word' id='word_1_249' title='bbox 302 2655 429 2709; x_wconf 79' lang='lat' dir='ltr'><strong>Celerina</strong></span> <span class='ocrx_word' id='word_1_250' title='bbox 446 2655 542 2710; x_wconf 87' lang='lat' dir='ltr'><strong>Tomis</strong></span> <span class='ocrx_word' id='word_1_251' title='bbox 564 2659 634 2709; x_wconf 89' lang='lat' dir='ltr'><strong>nata</strong></span> <span class='ocrx_word' id='word_1_252' title='bbox 657 2658 701 2709; x_wconf 91' lang='lat' dir='ltr'><strong>est</strong></span> <span class='ocrx_word' id='word_1_253' title='bbox 725 2659 753 2709; x_wconf 89' lang='lat' dir='ltr'><strong>et</strong></span> <span class='ocrx_word' id='word_1_254' title='bbox 776 2655 874 2710; x_wconf 87' lang='lat' dir='ltr'><strong>accola</strong></span> <span class='ocrx_word' id='word_1_255' title='bbox 892 2655 1016 2710; x_wconf 88' lang='lat' dir='ltr'><strong>Danuvii</strong></span> 
     </span>
     <span class='ocr_line' id='line_1_36' title="bbox 138 2720 1015 2796; baseline 0.003 -17"><span class='ocrx_word' id='word_1_256' title='bbox 138 2744 165 2779; x_wconf 85' lang='lat' dir='ltr'><strong>r.</strong></span> <span class='ocrx_word' id='word_1_257' title='bbox 182 2731 228 2794; x_wconf 75' lang='lat'><strong>70,</strong></span> <span class='ocrx_word' id='word_1_258' title='bbox 247 2730 279 2781; x_wconf 89' lang='lat' dir='ltr'><strong>&#39;et</strong></span> <span class='ocrx_word' id='word_1_259' title='bbox 295 2726 391 2780; x_wconf 91' lang='lat' dir='ltr'><strong>indole</strong></span> <span class='ocrx_word' id='word_1_260' title='bbox 411 2726 648 2796; x_wconf 75' lang='lat' dir='ltr'><strong>Septica,i.135;</strong></span> <span class='ocrx_word' id='word_1_261' title='bbox 670 2720 741 2796; x_wconf 75' lang='lat' dir='ltr'><strong>&#39;ergo</strong></span> <span class='ocrx_word' id='word_1_262' title='bbox 759 2727 914 2781; x_wconf 88' lang='lat' dir='ltr'><strong>haud.veri</strong></span> <span class='ocrx_word' id='word_1_263' title='bbox 933 2727 1015 2782; x_wconf 85' lang='lat' dir='ltr'><strong>dissi·</strong></span> 
     </span>
     <span class='ocr_line' id='line_1_37' title="bbox 138 2796 1013 2866; baseline 0.006 -16"><span class='ocrx_word' id='word_1_264' title='bbox 138 2796 247 2851; x_wconf 89' lang='lat' dir='ltr'><strong>militer</strong></span> <span class='ocrx_word' id='word_1_265' title='bbox 264 2798 417 2852; x_wconf 91' lang='lat' dir='ltr'><strong>conieceris</strong></span> <span class='ocrx_word' id='word_1_266' title='bbox 436 2800 545 2866; x_wconf 89' lang='lat' dir='ltr'><strong>patrem</strong></span> <span class='ocrx_word' id='word_1_267' title='bbox 563 2797 657 2866; x_wconf 89' lang='lat' dir='ltr'><strong>ipsum</strong></span> <span class='ocrx_word' id='word_1_268' title='bbox 675 2797 762 2852; x_wconf 85' lang='lat' dir='ltr'><strong>fuisse</strong></span> <span class='ocrx_word' id='word_1_269' title='bbox 783 2797 945 2866; x_wconf 80' lang='lat' dir='ltr'><strong>Scythicum</strong></span> <span class='ocrx_word' id='word_1_270' title='bbox 959 2797 977 2852; x_wconf 89' lang='lat' dir='ltr'><strong>i.</strong></span> <span class='ocrx_word' id='word_1_271' title='bbox 989 2815 1013 2855; x_wconf 91' lang='lat' dir='ltr'><strong>e.</strong></span> 
     </span>
     <span class='ocr_line' id='line_1_38' title="bbox 138 2867 1092 2938; baseline 0.002 -16"><span class='ocrx_word' id='word_1_272' title='bbox 138 2870 190 2922; x_wconf 89' lang='lat' dir='ltr'><strong>aut</strong></span> <span class='ocrx_word' id='word_1_273' title='bbox 208 2867 331 2923; x_wconf 80' lang='lat' dir='ltr'><strong>Gothum</strong></span> <span class='ocrx_word' id='word_1_274' title='bbox 357 2871 407 2922; x_wconf 92' lang='lat' dir='ltr'><strong>aut</strong></span> <span class='ocrx_word' id='word_1_275' title='bbox 430 2868 530 2923; x_wconf 90' lang='lat' dir='ltr'><strong>similis</strong></span> <span class='ocrx_word' id='word_1_276' title='bbox 551 2867 680 2937; x_wconf 82' lang='lat' dir='ltr'><strong>originis.</strong></span> <span class='ocrx_word' id='word_1_277' title='bbox 712 2868 743 2921; x_wconf 91' lang='lat' dir='ltr'><strong>id</strong></span> <span class='ocrx_word' id='word_1_278' title='bbox 765 2868 893 2923; x_wconf 88' lang='lat' dir='ltr'><strong>firmatur</strong></span> <span class='ocrx_word' id='word_1_279' title='bbox 911 2887 936 2923; x_wconf 84' lang='lat' dir='ltr'><strong>v.</strong></span> <span class='ocrx_word' id='word_1_280' title='bbox 953 2874 1013 2938; x_wconf 77' lang='lat'><strong>127,</strong></span> <span class='ocrx_word' id='word_1_281' title='bbox 1085 2872 1092 2886; x_wconf 82' lang='lat'>⁸</span> 
     </span>
    </p>

    <p class='ocr_par' dir='ltr' id='par_1_12' title="bbox 112 2938 1109 3578">
     <span class='ocr_line' id='line_1_39' title="bbox 112 2938 1014 3009; baseline 0.004 -18"><span class='ocrx_word' id='word_1_282' title='bbox 112 2939 188 2992; x_wconf 88' lang='lat' dir='ltr'><strong>·.ubi</strong></span> <span class='ocrx_word' id='word_1_283' title='bbox 207 2940 305 2995; x_wconf 79' lang='lat' dir='ltr'><strong>Hister</strong></span> <span class='ocrx_word' id='word_1_284' title='bbox 323 2942 437 3009; x_wconf 68' lang='lat' dir='ltr'><strong>patriae</strong></span> <span class='ocrx_word' id='word_1_285' title='bbox 459 2939 563 2994; x_wconf 84' lang='lat' dir='ltr'><strong>dicitur</strong></span> <span class='ocrx_word' id='word_1_286' title='bbox 580 2939 598 2994; x_wconf 81' lang='lat' dir='ltr'><strong>&#39;u</strong></span> <span class='ocrx_word' id='word_1_287' title='bbox 618 2955 643 2992; x_wconf 91' lang='lat' dir='ltr'><strong>e.</strong></span> <span class='ocrx_word' id='word_1_288' title='bbox 668 2938 705 2993; x_wconf 90' lang='lat' dir='ltr'><strong>ad</strong></span> <span class='ocrx_word' id='word_1_289' title='bbox 728 2941 839 3008; x_wconf 89' lang='lat' dir='ltr'><strong>patrem</strong></span> <span class='ocrx_word' id='word_1_290' title='bbox 861 2939 1014 3009; x_wconf 90' lang='lat' dir='ltr'><strong>pertinens.</strong></span> 
     </span>
     <span class='ocr_line' id='line_1_40' title="bbox 137 3009 1015 3082; baseline 0.002 -18"><span class='ocrx_word' id='word_1_291' title='bbox 137 3027 223 3080; x_wconf 88' lang='lat' dir='ltr'><strong>porro</strong></span> <span class='ocrx_word' id='word_1_292' title='bbox 234 3011 269 3064; x_wconf 88' lang='lat' dir='ltr'><strong>de</strong></span> <span class='ocrx_word' id='word_1_293' title='bbox 279 3013 361 3080; x_wconf 88' lang='lat' dir='ltr'><strong>patre</strong></span> <span class='ocrx_word' id='word_1_294' title='bbox 374 3009 496 3080; x_wconf 80' lang='lat' dir='ltr'><strong>legimus</strong></span> <span class='ocrx_word' id='word_1_295' title='bbox 510 3012 672 3082; x_wconf 77' lang='lat' dir='ltr'><strong>copaomiaa</strong></span> <span class='ocrx_word' id='word_1_296' title='bbox 685 3012 800 3080; x_wconf 65' lang='lat' dir='ltr'><strong>saepsit</strong></span> <span class='ocrx_word' id='word_1_297' title='bbox 809 3012 896 3080; x_wconf 80' lang='lat' dir='ltr'><strong>plena</strong></span> <span class='ocrx_word' id='word_1_298' title='bbox 905 3013 1015 3080; x_wconf 67' lang='lat' dir='ltr'><strong>domm,</strong></span> 
     </span>
     <span class='ocr_line' id='line_1_41' title="bbox 136 3080 1012 3151; baseline 0 -16"><span class='ocrx_word' id='word_1_299' title='bbox 136 3080 289 3150; x_wconf 85' lang='lat' dir='ltr'><strong>inquibus</strong></span> <span class='ocrx_word' id='word_1_300' title='bbox 309 3082 462 3151; x_wconf 88' lang='lat' dir='ltr'><strong>premenda</strong></span> <span class='ocrx_word' id='word_1_301' title='bbox 481 3084 524 3135; x_wconf 91' lang='lat' dir='ltr'><strong>est</strong></span> <span class='ocrx_word' id='word_1_302' title='bbox 542 3099 596 3136; x_wconf 85' lang='lat' dir='ltr'><strong>vox</strong></span> <span class='ocrx_word' id='word_1_303' title='bbox 610 3085 734 3150; x_wconf 78' lang='lat' dir='ltr'><strong>sumpsit,</strong></span> <span class='ocrx_word' id='word_1_304' title='bbox 752 3080 861 3136; x_wconf 90' lang='lat' dir='ltr'><strong>scilicet</strong></span> <span class='ocrx_word' id='word_1_305' title='bbox 874 3082 1012 3136; x_wconf 89' lang='lat' dir='ltr'><strong>barbarus</strong></span> 
     </span>
     <span class='ocr_line' id='line_1_42' title="bbox 138 3151 1015 3222; baseline 0 -16"><span class='ocrx_word' id='word_1_306' title='bbox 138 3153 275 3207; x_wconf 86' lang='lat' dir='ltr'><strong>ethome</strong></span> <span class='ocrx_word' id='word_1_307' title='bbox 298 3151 386 3207; x_wconf 82' lang='lat' dir='ltr'><strong>novus</strong></span> <span class='ocrx_word' id='word_1_308' title='bbox 412 3153 593 3207; x_wconf 87' lang='lat' dir='ltr'><strong>nobilitatem</strong></span> <span class='ocrx_word' id='word_1_309' title='bbox 618 3151 747 3205; x_wconf 88' lang='lat' dir='ltr'><strong>ducalem</strong></span> <span class='ocrx_word' id='word_1_310' title='bbox 772 3152 834 3221; x_wconf 90' lang='lat' dir='ltr'><strong>ipse</strong></span> <span class='ocrx_word' id='word_1_311' title='bbox 863 3153 1015 3222; x_wconf 86' lang='lat' dir='ltr'><strong>acquisivit</strong></span> 
     </span>
     <span class='ocr_line' id='line_1_43' title="bbox 137 3221 1013 3293; baseline 0.002 -17"><span class='ocrx_word' id='word_1_312' title='bbox 137 3222 325 3292; x_wconf 80' lang='lat' dir='ltr'><strong>defueratque</strong></span> <span class='ocrx_word' id='word_1_313' title='bbox 352 3223 488 3278; x_wconf 89' lang='lat' dir='ltr'><strong>nobilitas</strong></span> <span class='ocrx_word' id='word_1_314' title='bbox 511 3224 571 3277; x_wconf 90' lang='lat' dir='ltr'><strong>eius</strong></span> <span class='ocrx_word' id='word_1_315' title='bbox 594 3221 681 3292; x_wconf 86' lang='lat' dir='ltr'><strong>genti.</strong></span> <span class='ocrx_word' id='word_1_316' title='bbox 720 3239 793 3291; x_wconf 89' lang='lat' dir='ltr'><strong>quae</strong></span> <span class='ocrx_word' id='word_1_317' title='bbox 816 3223 1013 3293; x_wconf 86' lang='lat' dir='ltr'><strong>interpretatio</strong></span> 
     </span>
     <span class='ocr_line' id='line_1_44' title="bbox 137 3293 1013 3364; baseline -0.001 -16"><span class='ocrx_word' id='word_1_318' title='bbox 137 3293 165 3348; x_wconf 89' lang='lat' dir='ltr'><strong>si</strong></span> <span class='ocrx_word' id='word_1_319' title='bbox 180 3312 237 3349; x_wconf 93' lang='lat' dir='ltr'><strong>non</strong></span> <span class='ocrx_word' id='word_1_320' title='bbox 250 3294 447 3363; x_wconf 89' lang='lat' dir='ltr'><strong>improbabilis</strong></span> <span class='ocrx_word' id='word_1_321' title='bbox 463 3297 514 3364; x_wconf 91' lang='lat' dir='ltr'><strong>est,</strong></span> <span class='ocrx_word' id='word_1_322' title='bbox 533 3293 719 3363; x_wconf 80' lang='lat' dir='ltr'><strong>intellegitur,</strong></span> <span class='ocrx_word' id='word_1_323' title='bbox 738 3311 794 3363; x_wconf 94' lang='lat' dir='ltr'><strong>quo</strong></span> <span class='ocrx_word' id='word_1_324' title='bbox 808 3295 867 3349; x_wconf 92' lang='lat' dir='ltr'><strong>iure</strong></span> <span class='ocrx_word' id='word_1_325' title='bbox 882 3295 1013 3348; x_wconf 87' lang='lat' dir='ltr'><strong>Claudia·</strong></span> 
     </span>
     <span class='ocr_line' id='line_1_45' title="bbox 136 3364 1013 3435; baseline 0 -15"><span class='ocrx_word' id='word_1_326' title='bbox 136 3383 191 3420; x_wconf 91' lang='lat' dir='ltr'><strong>nus</strong></span> <span class='ocrx_word' id='word_1_327' title='bbox 211 3364 354 3420; x_wconf 78' lang='lat' dir='ltr'><strong>Celerinae</strong></span> <span class='ocrx_word' id='word_1_328' title='bbox 374 3382 493 3435; x_wconf 87' lang='lat' dir='ltr'><strong>sponsae</strong></span> <span class='ocrx_word' id='word_1_329' title='bbox 511 3364 691 3419; x_wconf 88' lang='lat' dir='ltr'><strong>nobilitatem</strong></span> <span class='ocrx_word' id='word_1_330' title='bbox 709 3383 735 3419; x_wconf 86' lang='lat' dir='ltr'><strong>v.</strong></span> <span class='ocrx_word' id='word_1_331' title='bbox 751 3371 784 3420; x_wconf 81' lang='lat'><strong>70</strong></span> <span class='ocrx_word' id='word_1_332' title='bbox 804 3382 838 3419; x_wconf 86' lang='lat' dir='ltr'><strong>ex</strong></span> <span class='ocrx_word' id='word_1_333' title='bbox 856 3368 955 3419; x_wconf 88' lang='lat' dir='ltr'><strong>matre·</strong></span> <span class='ocrx_word' id='word_1_334' title='bbox 966 3366 1013 3420; x_wconf 91' lang='lat' dir='ltr'><strong>de·</strong></span> 
     </span>
     <span class='ocr_line' id='line_1_46' title="bbox 137 3434 1014 3506; baseline -0.001 -16"><span class='ocrx_word' id='word_1_335' title='bbox 137 3435 260 3491; x_wconf 85' lang='lat' dir='ltr'><strong>duxerit.</strong></span> <span class='ocrx_word' id='word_1_336' title='bbox 305 3439 387 3506; x_wconf 89' lang='lat' dir='ltr'><strong>pater</strong></span> <span class='ocrx_word' id='word_1_337' title='bbox 418 3437 556 3492; x_wconf 88' lang='lat' dir='ltr'><strong>barbarus</strong></span> <span class='ocrx_word' id='word_1_338' title='bbox 588 3436 619 3489; x_wconf 90' lang='lat' dir='ltr'><strong>in</strong></span> <span class='ocrx_word' id='word_1_339' title='bbox 649 3435 861 3490; x_wconf 82' lang='lat' dir='ltr'><strong>matrimonium</strong></span> <span class='ocrx_word' id='word_1_340' title='bbox 896 3434 1014 3490; x_wconf 84' lang='lat' dir='ltr'><strong>du&#39;xcrat</strong></span> 
     </span>
     <span class='ocr_line' id='line_1_47' title="bbox 137 3505 1109 3578; baseline -0.002 -16"><span class='ocrx_word' id='word_1_341' title='bbox 137 3506 260 3562; x_wconf 84' lang='lat' dir='ltr'><strong>Celerini</strong></span> <span class='ocrx_word' id='word_1_342' title='bbox 287 3510 402 3578; x_wconf 89' lang='lat' dir='ltr'><strong>neptem</strong></span> <span class='ocrx_word' id='word_1_343' title='bbox 430 3511 481 3562; x_wconf 92' lang='lat' dir='ltr'><strong>aut</strong></span> <span class='ocrx_word' id='word_1_344' title='bbox 507 3510 673 3577; x_wconf 84' lang='lat' dir='ltr'><strong>proneptem</strong></span> <span class='ocrx_word' id='word_1_345' title='bbox 700 3510 857 3575; x_wconf 69' lang='lat' dir='ltr'><strong>nomenque</strong></span> <span class='ocrx_word' id='word_1_346' title='bbox 885 3505 1014 3561; x_wconf 90' lang='lat' dir='ltr'><strong>Celerina</strong></span> <span class='ocrx_word' id='word_1_347' title='bbox 1102 3562 1109 3574; x_wconf 65' lang='grc'><strong>,</strong></span> 
     </span>
    </p>
   </div>
   <div class='ocr_carea' id='block_1_3' title="bbox 46 3592 800 3660">
    <p class='ocr_par' dir='ltr' id='par_1_13' title="bbox 46 3592 800 3660">
     <span class='ocr_line' id='line_1_48' title="bbox 46 3592 800 3660; baseline -0.009 -6"><span class='ocrx_word' id='word_1_348' title='bbox 46 3614 192 3655; x_wconf 67' lang='lat' dir='ltr'><strong>launum</strong></span> <span class='ocrx_word' id='word_1_349' title='bbox 207 3606 271 3660; x_wconf 69' lang='lat' dir='ltr'><strong>Ora,</strong></span> <span class='ocrx_word' id='word_1_350' title='bbox 284 3607 319 3647; x_wconf 58' lang='lat' dir='ltr'><strong>ed⁴</strong></span> <span class='ocrx_word' id='word_1_351' title='bbox 332 3607 418 3648; x_wconf 83' lang='lat' dir='ltr'><strong>Koch.</strong></span> <span class='ocrx_word' id='word_1_352' title='bbox 483 3607 487 3613; x_wconf 85' lang='lat'>&#39;</span> <span class='ocrx_word' id='word_1_353' title='bbox 781 3592 800 3647; x_wconf 88' lang='lat' dir='ltr'><strong>d</strong></span> 
     </span>
    </p>
   </div>
   <div class='ocr_carea' id='block_1_4' title="bbox 0 0 1200 3870">
    <p class='ocr_par' dir='ltr' id='par_1_14' title="bbox 0 0 1200 3870">
     <span class='ocr_line' id='line_1_49' title="bbox 0 0 1200 3870; baseline 0 2"><span class='ocrx_word' id='word_1_354' title='bbox 0 0 1200 3870; x_wconf 95' lang='lat' dir='ltr'><strong> </strong></span> 
     </span>
    </p>
   </div>
  </div>
 </body>
</html>
