2392 3870
64 162 200 232 (XXXV.)
215 160 264 213 DE
278 160 400 214 RAPPV
409 160 662 215 PROSERPINAE
676 161 786 215 LIBER
795 161 996 219 SECVNDVS.
1016 164 1083 230 273

136 323 278 388 Candida
299 321 466 386 Parrhasii
488 323 669 406 posthanc
691 323 804 409 regina
825 323 943 407 Lycaei
1056 315 1058 318 ⁵

67 413 113 476 Et
134 412 332 476 Pandionias
356 433 438 495 quae
462 411 592 494 cuspide
614 413 758 497 protegit
781 434 883 497 arces,

67 501 214 584 Vtraque
236 501 344 586 virgo,
366 505 478 563 ruunt:
500 499 580 564 haec
602 500 753 564 tristibus
776 523 890 584 aspera
912 503 1021 589 bellis,
1050 522 1086 570 20

67 589 157 653 Haec
179 590 350 653 metuenda
371 588 457 652 feris.
495 588 641 653 Tritonia
664 589 788 653 casside
809 590 899 654 fulva

70 678 236 742 Caelatum
259 677 417 761 Typhona
440 677 537 764 gerit,
560 678 617 761 qui
641 701 766 742 summa
787 684 973 763 peremptus

67 767 137 831 lma
160 767 261 853 viget,
283 771 376 851 parte
399 767 558 831 emoriens
581 770 614 831 et
635 771 729 852 parte
752 772 928 855 superstes3

67 856 236 940 Hastaque
259 856 400 919 terribili
423 878 559 942 surgens
581 879 640 940 per
661 855 775 920 nubila
797 857 883 921 ferro

68 943 177 1008 Instar
198 945 299 1008 habet
322 945 436 1029 silvae3
458 949 587 1008 tanturn
610 944 783 1009 stridentia
805 946 889 1009 colla
1050 965 1085 1013 25

68 1033 232 1120 Gorgonis
257 1034 394 1096 obtentu
416 1033 522 1116 pallae
544 1033 702 1119 fulgentis
724 1033 897 1098 inumbrat.

67 1121 114 1186 At
137 1122 265 1186 Triviae
287 1121 370 1185 lenis
394 1121 516 1204 species
539 1125 571 1184 et
594 1122 718 1185 multus
741 1121 776 1184 in
799 1143 854 1185 ore

67 1210 182 1274 Frater
205 1215 288 1295 erat,
309 1209 499 1292 Phoebique
522 1231 621 1295 genas
645 1214 678 1273 et
699 1209 823 1272 lumina
844 1209 969 1274 Phoebi

68 1299 151 1362 Esse
173 1302 282 1383 putes,
305 1299 459 1380 solusque
482 1298 580 1362 dabat
603 1297 788 1362 discrimina
811 1320 915 1363 sexus.

70 1387 208 1451 Brachia
230 1386 317 1450 nuda
339 1387 458 1472 nitent3
480 1387 607 1451 levibus
630 1386 809 1470 proiecerat
833 1387 920 1450 auris
1050 1406 1088 1455 30

68 1474 228 1539 Indociles
252 1497 358 1539 errare
382 1498 503 1561 comas,
526 1498 665 1559 arcuque
688 1475 824 1538 remisso

70 1563 146 1628 Otia
168 1586 286 1628 nervus
310 1565 394 1651 agit3
416 1565 556 1649 pendent
578 1568 655 1649 post
677 1568 770 1650 terga
793 1563 940 1650 sagittae.

71 1653 241 1737 Crispatur
263 1654 392 1739 gemino
415 1654 516 1718 vestis
540 1652 701 1736 Gortynia
723 1653 831 1716 cinctu

70 1742 200 1827 Poplite
223 1742 297 1805 fusa
319 1746 430 1827 tenus,
453 1746 608 1826 motoque
630 1741 665 1805 in
688 1741 826 1805 stamine
848 1741 949 1806 Delos

69 1831 170 1895 Errat
193 1835 226 1894 et
249 1835 362 1895 aurato
385 1831 529 1894 trahitur
551 1831 737 1895 circumflua
759 1834 869 1913 ponto.
1053 1849 1092 1899 35

138 1919 225 1995 Quas
248 1920 334 1983 inter
357 1919 483 1983 Cereris
505 1920 627 2005 proles,
649 1941 735 1983 nunc
757 1919 863 2005 gloria
886 1921 1014 2006 matris,

70 2008 149 2073 Mox
173 2008 279 2094 dolor,
302 2009 430 2092 aequali
452 2008 558 2073 tendit
579 2031 638 2092 per
659 2007 807 2093 gramina
828 2030 928 2092 passu

70 2097 140 2162 Nec
162 2097 317 2160 membris
339 2120 399 2162 nec
420 2098 544 2162 honore
566 2097 673 2161 minor
695 2097 868 2181 potuitque
890 2098 992 2162 videri

70 2185 194 2271 Pallas,
218 2186 246 2248 si
270 2186 408 2271 clipeum
430 2187 542 2271 ferret,
565 2186 594 2249 si
618 2186 755 2271 spicula,
776 2185 916 2251 Phoebe.

73 2274 235 2339 Collectae
257 2276 353 2339 tereti
374 2276 538 2340 nodantur
559 2274 683 2358 iaspide
705 2279 820 2339 vestes.
1053 2293 1089 2341 40

71 2363 215 2427 Pectinis
238 2364 369 2451 ingenio
392 2387 570 2448 numquam
592 2363 719 2427 felicior
741 2363 821 2426 artis

73 2451 221 2539 Contigit
244 2458 392 2539 eventus3
413 2454 498 2517 nulli
521 2453 568 2515 sic
591 2473 732 2515 consona
754 2451 838 2514 telae

71 2539 144 2604 Fila
166 2542 279 2605 necin
301 2546 430 2605 tanturn
452 2541 522 2606 veri
545 2540 664 2603 duxere
686 2541 817 2625 figuras.

71 2629 136 2692 Hic
158 2628 359 2712 Hyperionio
383 2627 493 2693 Solem
516 2628 554 2691 de
577 2627 698 2691 semine
718 2626 809 2689 nasci

72 2717 207 2780 Fecerat
230 2720 263 2779 et
285 2717 421 2802 pariter,
442 2718 548 2781 forma
571 2716 628 2780 sed
650 2714 790 2800 dispare,
812 2714 952 2801 Lunam,
1055 2733 1093 2782 45

72 2803 220 2868 Aurorae
242 2805 414 2888 noctisque
437 2805 549 2889 duces3
572 2804 732 2868 cunabula
754 2803 877 2887 Tethys

73 2893 212 2957 Praebet
236 2898 269 2957 et
291 2893 433 2957 infantes
456 2893 579 2979 gremio
603 2893 728 2957 solatur
752 2892 886 2957 anhelos

75 2981 313 3067 Caeruleusque
337 2983 427 3046 sinus
450 2982 553 3046 roseis
576 2981 721 3045 radiatur
742 2981 891 3046 alumnis,

73 3071 258 3135 Invalidum
282 3072 395 3135 dextro
417 3074 528 3155 portat
550 3070 667 3135 Titana
688 3070 810 3134 lacerto

74 3159 229 3226 Nondum
250 3161 323 3225 luce
345 3182 477 3248 gravem
498 3182 560 3224 nec
581 3160 833 3244 pubescentibus
856 3159 922 3223 alte
1058 3178 1094 3227 50

76 3246 256 3312 (tristatum
278 3250 389 3314 radiis:
413 3250 519 3333 primo
542 3249 731 3314 clementior
753 3271 832 3313 aevo

139 3464 181 3538 ⁴23
203 3461 245 3514 sic
261 3462 362 3529 scripsi
366 3484 377 3529 ;
399 3460 457 3515 ima
475 3460 555 3529 viget
572 3461 652 3529 parte
671 3457 807 3524 moriens3
832 3456 891 3510 ima
913 3460 995 3527 parte
1013 3455 1094 3525 riget

74 3545 205 3584 morlens.

130 3627 274 3669 charrum
287 3629 352 3680 cn,
369 3626 407 3670 αι’
417 3629 504 3669 Koch
847 3623 887 3670 th
