2392 3870
94 184 116 199 .
222 153 304 224 (xv.)
323 151 372 206 na
391 151 510 229 annuo
529 151 724 208 cimourco
743 152 853 208 amaa
869 153 1016 212 narnus,
1083 155 1126 220 51

115 315 160 380 Et
184 315 235 378 cui
257 336 324 379 non
345 313 452 399 Nilus,
474 335 541 378 non
562 313 674 378 intulit
696 313 788 378 ludia
810 319 922 401 metas,

115 403 254 467 Romani
277 403 342 466 iam
365 403 440 466 finis
463 403 525 466 crit
547 401 712 466 Trinacria
734 404 834 489 regni.

115 490 165 555 lte
187 491 356 576 recepturi,
379 490 497 573 praedo
521 511 616 573 quem
640 490 782 576 sustulit,
805 513 898 555 axem

116 580 337 662 Ereptumque
359 578 498 663 Notum3
522 582 618 661 caput
640 579 857 662 insuperabile
880 602 986 644 rerum

116 667 184 732 Aut
206 671 278 732 ruet
300 667 336 730 in
357 667 474 731 vestris
497 671 554 730 aut
578 666 678 731 stabit
700 667 804 731 Roma
826 668 963 732 lacertis.
1076 687 1129 738 460

116 755 179 820 Tot
201 755 282 818 mihi
305 754 429 819 debetis
451 755 600 839 populos,
621 758 672 819 tot
695 776 779 840 rura,
801 758 852 820 tot
875 756 971 820 urbes

116 843 275 908 Amissae:
298 865 363 907 uno
386 842 522 926 Libyam
546 842 705 907 defendite
731 843 826 907 bello.

115 931 252 996 Vestros
275 931 446 1015 imperium
469 952 575 994 remos
598 935 631 995 et
652 935 761 996 vestra
784 935 938 1015 sequatur

118 1019 272 1104 Carbasa3
296 1018 461 1102 despectas
483 1023 574 1083 trans
598 1040 738 1102 aequora
760 1018 866 1084 ducite
888 1019 985 1107 leges.

117 1107 226 1172 Tertia
247 1108 313 1171 iam
336 1107 434 1172 solito
458 1108 565 1172 cervix
587 1128 739 1171 mucrone
762 1113 888 1173 rotetur
1075 1128 1128 1177 465

117 1195 258 1260 Tandem
282 1195 423 1259 funereis
446 1196 544 1259 finem
566 1195 713 1278 positura
735 1197 904 1279 tyrannis?

183 1283 299 1347 Omina
322 1284 516 1348 conveniunt
539 1283 625 1347 dicto
648 1283 820 1367 fulvusque
843 1283 1000 1349 Tonantis

115 1370 267 1457 Armiger
289 1393 308 1435 a
330 1370 453 1454 liquida
476 1371 600 1436 cunctis
624 1372 844 1454 spectantibus
867 1372 979 1437 aethra

118 1459 309 1542 Correptum
332 1459 468 1542 pedibus
491 1461 597 1524 curvis
620 1459 767 1524 innexuit
791 1459 939 1545 hydrum,

115 1547 265 1630 Dumque
288 1548 500 1612 reluctantem
522 1569 633 1612 morsu
655 1548 796 1631 partitur
819 1548 955 1633 obunco,
1076 1567 1129 1618 470

74 1661 77 1666 ¹
116 1635 231 1700 Haesit
253 1636 288 1700 in
310 1658 419 1722 ungue
442 1641 552 1721 caput3
574 1640 744 1700 truncatus
768 1636 885 1700 decidit
908 1639 1033 1724 anguis.

116 1722 208 1787 Ilicet
231 1724 375 1810 auguriis
398 1725 520 1788 alacres
543 1746 601 1808 per
625 1746 702 1788 saxa
725 1725 816 1789 citati

116 1810 352 1894 Torrentesquc
375 1817 487 1898 ruunt3
509 1834 569 1876 nec
591 1835 684 1878 mons
708 1816 764 1877 aut
787 1812 869 1877 silva
891 1815 1047 1880 retardat:

115 1898 260 1963 Pendula
282 1921 340 1963 ceu
362 1901 470 1982 parvis
493 1905 639 1965 moturae
662 1901 748 1965 bella
770 1902 894 1966 colonis

116 1986 246 2073 lugenti
269 1986 419 2073 clangore
442 2010 539 2075 grues
562 1990 684 2054 aestiva
706 1989 894 2073 relinquunt
1077 2007 1129 2057 475

116 2075 261 2159 Thracia,
284 2097 356 2139 cum
380 2077 489 2160 tepido
512 2081 697 2160 permutant
721 2076 894 2161 Strymona
915 2077 1007 2143 Nilo:

116 2161 291 2227 Ordinibus
313 2165 412 2228 variis
433 2187 492 2249 per
513 2165 626 2230 nubila
648 2167 770 2231 texitur
792 2167 859 2230 ales

116 2251 242 2315 Littera
264 2274 505 2336 pennarumque
527 2255 615 2318 notis
639 2254 854 2319 conscribitur
876 2275 938 2318 aer.

181 2338 228 2404 Vt
251 2341 369 2404 fluctus
392 2341 528 2427 tetigere
551 2343 659 2426 maris,
681 2345 759 2406 tunc
781 2342 885 2406 acrior
908 2343 988 2405 arsit

116 2424 273 2512 Impetus3
297 2428 461 2512 adripiunt
483 2450 581 2493 naves
604 2430 731 2513 ipsique
753 2429 905 2493 rudentes
1076 2446 1130 2498 480

10 2545 14 2553 ·
116 2514 300 2598 Expediunt
323 2520 356 2579 et
378 2518 449 2580 vela
471 2517 586 2602 legunt
610 2521 641 2582 et
665 2538 785 2581 cornua
808 2516 942 2579 summis

115 2601 293 2667 Adsociant
315 2604 424 2689 malis3
447 2605 593 2687 quatitur
615 2604 782 2688 Tyrrhena
804 2603 948 2668 tumultu

116 2689 180 2754 Ora
202 2713 262 2755 nec
284 2689 429 2775 Alpheae
453 2692 585 2774 capiunt
607 2692 734 2756 navalia
755 2692 863 2756 Pisae:

116 2776 169 2841 Sic
191 2777 480 2865 Agamemnoniam
503 2778 619 2843 vindex
643 2802 715 2844 cum
739 2779 873 2844 Graecia
895 2779 1030 2845 classem

116 2863 271 2952 Solveret,
293 2867 470 2932 innumeris
493 2868 638 2932 fervebat
660 2868 795 2932 vocibus
818 2867 921 2933 Aulis.
1076 2886 1130 2937 485

114 2952 191 3018 Non
213 2955 289 3019 illos
313 2957 467 3040 strepitus
490 2956 768 3040 impendentisque
790 2957 949 3041 procellae

116 3039 216 3128 Signa
238 3065 297 3107 nec
319 3043 476 3109 adventus
499 3044 589 3108 dubii
612 3045 767 3109 deterruit
789 3044 912 3110 Austri.

115 3129 258 3195 ‘Vellite’
281 3132 482 3216 proclamant
505 3134 607 3218 ‘socii
629 3134 695 3197 iam
716 3133 828 3198 uellite
851 3133 968 3199 funem.

113 3216 176 3282 Per
198 3219 280 3282 vada
303 3220 473 3285 Gildonem
496 3222 644 3304 quamvis
667 3221 800 3286 adversa
822 3225 978 3305 petamus.

115 3304 167 3369 Ad
189 3307 312 3372 bellum
334 3331 395 3373 nos
417 3309 528 3373 trudat
550 3310 653 3374 hiems
675 3331 733 3393 per
756 3310 847 3375 devia
868 3311 969 3395 ponti.
1074 3327 1126 3376 490

116 3393 283 3469 Quassatis
307 3398 402 3480 cupio
425 3397 575 3462 tellurem
598 3398 697 3484 figere
720 3400 845 3463 rostris.

112 3481 186 3547 Heu
208 3484 345 3550 nimium
368 3490 610 3574 segnesscauta
634 3487 689 3570 qui
712 3491 818 3552 mente
841 3487 973 3572 notatis,

891 3591 927 3645 ῃ
