2392 3870
256 108 327 179 (ΙΙΙ.)
347 108 387 162 lN
401 108 570 172 RVFINVM
588 107 696 162 LIBER
713 107 859 164 PRIMVS.
1023 108 1065 172 17

48 271 112 335 Hic
135 268 244 336 avium
267 275 394 356 cantus,
416 270 557 335 labentis
579 293 745 335 murmura
767 270 836 335 rivi.

46 359 178 424 Vivitur
201 359 318 446 exiguo
341 359 470 444 melius3
492 363 609 422 natura
631 359 735 423 beatis
1013 375 1064 426 21⁶

48 446 207 512 Omnibus
231 469 301 512 esse
324 447 424 532 dedit,
448 447 476 511 si
499 447 572 530 quis
596 447 783 534 cognoverit
806 447 864 513 uti.

47 535 138 600 Haec
161 536 188 599 si
211 539 290 600 nota
312 536 433 621 forent,
456 536 635 600 frueremur
658 535 803 620 simplice
827 535 926 622 cultu,

48 623 192 689 Classica
213 647 281 689 non
303 629 481 711 gemerent,
503 646 570 688 non
593 623 730 688 stridula
752 624 899 689 fraxinus
921 624 993 711 iret,

46 712 116 778 Nec
138 717 254 777 ventus
278 717 426 796 quateret
447 734 572 798 puppes
594 734 653 777 nec
676 713 825 778 machina
846 735 965 778 muros.

116 800 287 866 Crescebat
311 801 466 866 scelerata
490 801 562 865 sitis
584 801 784 885 praedaeque
807 801 945 866 recentis
1011 819 1063 868 220

45 887 193 953 Incestus
215 891 376 976 flagrabat
398 912 501 975 amor,
524 890 697 972 nullusque
719 889 849 974 petendi

47 977 230 1064 cogendive
252 978 369 1063 pudor:
393 977 513 1043 crebris
536 978 677 1062 periuria
698 979 801 1043 nectit

45 1066 233 1152 Blanditiis3
257 1067 359 1131 sociat
381 1066 526 1150 perituro
549 1066 676 1131 foedere
700 1067 837 1131 dextras,

46 1153 82 1219 Si
105 1155 205 1218 semel
228 1177 244 1218 e
267 1155 368 1219 tantis
390 1155 538 1239 poscenti
561 1155 697 1239 quisque
719 1159 880 1242 negasset,

44 1243 156 1306 Effera
178 1243 379 1327 praetumido
403 1243 570 1327 quatiebat
594 1243 690 1308 corda
712 1244 830 1308 furore.
1009 1259 1061 1313 225

46 1330 135 1407 Quae
159 1331 205 1395 sic
229 1330 358 1396 Gaetuli
380 1332 486 1396 iaculo
508 1354 662 1417 percussa
683 1331 795 1396 leaena

42 1418 113 1483 Aut
135 1418 287 1502 Hyrcana
308 1442 456 1505 premens
478 1424 643 1504 raptorem
665 1420 762 1484 belua
788 1421 901 1504 partus

42 1505 113 1571 Aut
136 1529 266 1592 serpens
290 1508 412 1574 calcata
434 1508 536 1573 furit?
581 1507 692 1572 iurata
716 1508 848 1572 deorum

42 1595 199 1661 Maiestas
222 1597 351 1684 teritur3
373 1619 535 1681 nusquam
557 1597 736 1661 reverentia
758 1617 895 1660 mensae.

41 1683 122 1749 Non
144 1685 297 1771 coniunx,
319 1707 387 1750 non
407 1686 477 1771 ipse
501 1685 612 1771 simul,
634 1707 702 1750 non
723 1685 861 1771 pignora
884 1706 976 1750 caesa
1008 1702 1061 1753 230

44 1770 220 1838 Sufficiunt
244 1773 339 1860 odiis3
361 1796 429 1839 non
452 1773 628 1838 extinxisse
650 1774 860 1859 propinquos,

41 1859 123 1925 Non
143 1865 240 1927 notos
263 1862 368 1949 egisse
391 1867 442 1927 sat
466 1866 529 1949 est3
552 1862 719 1926 excindere
743 1863 828 1926 cives

40 1948 203 2014 Funditus
226 1954 259 2014 et
279 1973 399 2016 nomen
421 1950 528 2038 gentis
553 1951 657 2015 delere
679 1950 815 2015 laborat.

41 2036 113 2102 Nec
136 2038 232 2103 celeri
253 2039 384 2124 perimit
405 2039 487 2125 let03
511 2039 693 2103 crudelibus
717 2044 791 2105 ante
1048 2121 1050 2124 y

39 2125 217 2211 Suppliciis
239 2127 371 2214 fruitur3
395 2127 570 2213 cruciatus,
592 2127 712 2213 vincla,
734 2127 901 2208 tenebras,
1007 2145 1057 2195 235

38 2214 153 2278 Dilato
176 2237 329 2281 mucrone
352 2221 454 2302 parat.
500 2215 565 2280 Pro
589 2216 714 2280 saevior
738 2238 812 2280 ense

38 2302 197 2367 Parcendi
219 2304 325 2368 rabies
348 2326 564 2388 concessaque
586 2305 654 2370 vita
678 2304 795 2369 dolori!

38 2390 130 2456 Mors
154 2392 273 2457 adeone
295 2415 410 2477 parum
433 2393 504 2457 est?
551 2391 665 2458 Causis
686 2392 858 2457 fallacibus
880 2392 993 2478 instat,

38 2477 162 2567 Arguit
184 2481 343 2545 attonitos
366 2503 401 2545 se
423 2481 536 2546 iudice.
583 2479 698 2545 Cetera
721 2479 839 2566 segnis,

37 2566 93 2632 Ad
114 2567 240 2633 facinus
262 2569 370 2655 velox,
392 2570 522 2654 penitus
544 2569 677 2656 regione
699 2572 840 2632 remotas
1002 2584 1054 2636 240

38 2653 183 2742 Impiger
205 2656 252 2722 ire
273 2657 357 2722 vias:
379 2680 446 2722 non
468 2657 562 2722 illum
586 2656 689 2722 Sirius
713 2657 828 2720 ardens

37 2743 199 2810 Brumave
221 2745 368 2831 Riphaeo
392 2746 532 2811 stridens
554 2744 717 2829 Aquilone
739 2745 890 2810 retardat.

36 2832 148 2898 Effera
171 2835 368 2918 torquebant
390 2835 501 2900 avidae
523 2833 710 2919 praecordia
733 2855 836 2918 curae,

35 2920 207 3008 Effugeret
228 2944 270 2987 ne
293 2922 366 3006 quis
389 2923 515 3010 gladios
537 2945 601 2987 neu
622 2921 770 3007 perderet
792 2922 896 2985 ullum

35 3008 189 3097 Augusto
211 3010 385 3076 miserante
406 3012 507 3076 nefas.
551 3010 629 3075 Non
651 3011 793 3075 flectitur
815 3009 918 3096 annis,
1003 3025 1055 3074 245

34 3097 115 3163 Non
137 3101 243 3164 aetate
264 3098 368 3165 labate
390 3100 543 3165 iuvenum
564 3098 709 3163 rorantia
732 3098 816 3162 colla

34 3185 125 3252 Ante
146 3191 277 3272 patrum
298 3187 409 3253 vultus
433 3188 547 3253 stricta
569 3186 709 3252 cecidere
732 3185 849 3273 securi3

33 3273 111 3342 Ibat
134 3276 336 3364 grandaevus
358 3281 436 3341 nato
459 3276 617 3341 moriente
640 3278 803 3360 superstes

32 3364 118 3430 Post
139 3365 271 3430 trabeas
293 3365 376 3430 exul.
415 3364 495 3442 Quis
516 3364 651 3450 prodere
673 3368 766 3428 tanta
788 3363 894 3427 relatu

30 3453 178 3542 Funera,
200 3453 275 3539 quis
298 3453 410 3519 caedes
432 3454 537 3538 possit
561 3453 676 3518 deflere
697 3451 875 3517 nefandas?
1000 3464 1053 3530 aso

87 3568 233 3611 (isarnum
247 3567 312 3622 οηἼ
325 3567 360 3608 cd
374 3568 460 3608 Koch.
823 3562 838 3608 2
