<?xml version="1.0" encoding="UTF-8"?>
<!DOCTYPE html PUBLIC "-//W3C//DTD XHTML 1.0 Transitional//EN"
    "http://www.w3.org/TR/xhtml1/DTD/xhtml1-transitional.dtd">
<html xmlns="http://www.w3.org/1999/xhtml" xml:lang="en" lang="en">
 <head>
  <title>
</title>
<meta http-equiv="Content-Type" content="text/html;charset=utf-8" />
  <meta name='ocr-system' content='tesseract 3.04.00' />
  <meta name='ocr-capabilities' content='ocr_page ocr_carea ocr_par ocr_line ocrx_word'/>
</head>
<body>
  <div class='ocr_page' id='page_1' title='image "./claudiiclaudian03claugoog_0036.png"; bbox 0 0 2392 3870; ppageno 0'>
   <div class='ocr_carea' id='block_1_1' title="bbox 334 135 1088 195">
    <p class='ocr_par' dir='ltr' id='par_1_1' title="bbox 334 135 1088 195">
     <span class='ocr_line' id='line_1_1' title="bbox 334 135 1088 195; baseline 0.005 -4"><span class='ocrx_word' id='word_1_1' title='bbox 334 135 619 193; x_wconf 76' lang='lat' dir='ltr'><strong>ADNOTATlosns</strong></span> <span class='ocrx_word' id='word_1_2' title='bbox 638 135 814 195; x_wconf 80' lang='lat' dir='ltr'><strong>GRITICAE.</strong></span> <span class='ocrx_word' id='word_1_3' title='bbox 997 139 1088 195; x_wconf 83' lang='lat' dir='ltr'>XXIX</span> 
     </span>
    </p>
   </div>
   <div class='ocr_carea' id='block_1_2' title="bbox 56 296 1087 3555">
    <p class='ocr_par' dir='ltr' id='par_1_2' title="bbox 58 296 1087 369">
     <span class='ocr_line' id='line_1_2' title="bbox 58 296 1087 369; baseline 0.003 -17"><span class='ocrx_word' id='word_1_4' title='bbox 58 298 258 369; x_wconf 70' lang='lat' dir='ltr'><strong>assilierat]</strong></span> <span class='ocrx_word' id='word_1_5' title='bbox 283 296 385 366; x_wconf 92' lang='lat' dir='ltr'><strong>optimi</strong></span> <span class='ocrx_word' id='word_1_6' title='bbox 408 299 497 352; x_wconf 86' lang='lat' dir='ltr'><strong>testes</strong></span> <span class='ocrx_word' id='word_1_7' title='bbox 517 297 580 367; x_wconf 83' lang='lat' dir='ltr'><strong>VC,</strong></span> <span class='ocrx_word' id='word_1_8' title='bbox 607 314 726 366; x_wconf 90' lang='lat' dir='ltr'><strong>quorum</strong></span> <span class='ocrx_word' id='word_1_9' title='bbox 750 299 950 354; x_wconf 85' lang='lat' dir='ltr'><strong>auctoritatem</strong></span> <span class='ocrx_word' id='word_1_10' title='bbox 974 317 1022 354; x_wconf 86' lang='lat' dir='ltr'><strong>cur</strong></span> <span class='ocrx_word' id='word_1_11' title='bbox 1045 316 1087 355; x_wconf 88' lang='lat' dir='ltr'><strong>re-</strong></span> 
     </span>
    </p>

    <p class='ocr_par' dir='ltr' id='par_1_3' title="bbox 56 367 465 437">
     <span class='ocr_line' id='line_1_3' title="bbox 56 367 465 437; baseline 0.007 -16"><span class='ocrx_word' id='word_1_12' title='bbox 56 416 59 421; x_wconf 88' lang='grc'><strong>.</strong></span> <span class='ocrx_word' id='word_1_13' title='bbox 138 367 279 437; x_wconf 81' lang='lat' dir='ltr'><strong>pellamus</strong></span> <span class='ocrx_word' id='word_1_14' title='bbox 298 384 355 422; x_wconf 91' lang='lat' dir='ltr'><strong>non</strong></span> <span class='ocrx_word' id='word_1_15' title='bbox 373 367 465 424; x_wconf 88' lang='lat' dir='ltr'><strong>video.</strong></span> 
     </span>
    </p>

    <p class='ocr_par' dir='ltr' id='par_1_4' title="bbox 59 439 1087 648">
     <span class='ocr_line' id='line_1_4' title="bbox 59 439 1087 510; baseline 0.003 -18"><span class='ocrx_word' id='word_1_16' title='bbox 59 445 117 493; x_wconf 90' lang='grc'><strong>303</strong></span> <span class='ocrx_word' id='word_1_17' title='bbox 138 441 211 494; x_wconf 77' lang='lat' dir='ltr'><strong>torui</strong></span> <span class='ocrx_word' id='word_1_18' title='bbox 230 440 363 509; x_wconf 75' lang='lat' dir='ltr'><strong>lacrimis]</strong></span> <span class='ocrx_word' id='word_1_19' title='bbox 389 439 459 493; x_wconf 90' lang='lat' dir='ltr'><strong>duce</strong></span> <span class='ocrx_word' id='word_1_20' title='bbox 483 439 503 494; x_wconf 85' lang='lat' dir='ltr'>C</span> <span class='ocrx_word' id='word_1_21' title='bbox 528 439 701 509; x_wconf 75' lang='lat' dir='ltr'><strong>transposui,</strong></span> <span class='ocrx_word' id='word_1_22' title='bbox 729 440 796 508; x_wconf 91' lang='lat' dir='ltr'><strong>quia</strong></span> <span class='ocrx_word' id='word_1_23' title='bbox 823 443 901 495; x_wconf 89' lang='lat' dir='ltr'><strong>amat</strong></span> <span class='ocrx_word' id='word_1_24' title='bbox 928 443 1014 510; x_wconf 87' lang='lat' dir='ltr'><strong>poeta</strong></span> <span class='ocrx_word' id='word_1_25' title='bbox 1038 443 1087 496; x_wconf 90' lang='lat' dir='ltr'><strong>ad-</strong></span> 
     </span>
     <span class='ocr_line' id='line_1_5' title="bbox 138 509 1087 578; baseline 0.003 -15"><span class='ocrx_word' id='word_1_26' title='bbox 138 509 274 563; x_wconf 86' lang='lat' dir='ltr'><strong>iectivum</strong></span> <span class='ocrx_word' id='word_1_27' title='bbox 292 510 440 563; x_wconf 87' lang='lat' dir='ltr'><strong>conlocare</strong></span> <span class='ocrx_word' id='word_1_28' title='bbox 460 513 525 565; x_wconf 90' lang='lat' dir='ltr'><strong>ante</strong></span> <span class='ocrx_word' id='word_1_29' title='bbox 549 510 804 578; x_wconf 77' lang='lat' dir='ltr'><strong>penthemimeren,</strong></span> <span class='ocrx_word' id='word_1_30' title='bbox 829 511 853 565; x_wconf 91' lang='lat' dir='ltr'><strong>si</strong></span> <span class='ocrx_word' id='word_1_31' title='bbox 877 512 1087 566; x_wconf 82' lang='lat' dir='ltr'><strong>substantivum</strong></span> 
     </span>
     <span class='ocr_line' id='line_1_6' title="bbox 138 580 458 648; baseline 0.003 -14"><span class='ocrx_word' id='word_1_32' title='bbox 138 580 170 634; x_wconf 93' lang='lat' dir='ltr'><strong>in</strong></span> <span class='ocrx_word' id='word_1_33' title='bbox 187 580 243 634; x_wconf 88' lang='lat' dir='ltr'><strong>fine</strong></span> <span class='ocrx_word' id='word_1_34' title='bbox 261 581 388 648; x_wconf 90' lang='lat' dir='ltr'><strong>positum</strong></span> <span class='ocrx_word' id='word_1_35' title='bbox 406 583 458 635; x_wconf 89' lang='lat' dir='ltr'><strong>cst.</strong></span> 
     </span>
    </p>

    <p class='ocr_par' dir='ltr' id='par_1_5' title="bbox 59 650 1087 1217">
     <span class='ocr_line' id='line_1_7' title="bbox 59 650 1085 724; baseline 0.001 -18"><span class='ocrx_word' id='word_1_36' title='bbox 59 657 117 707; x_wconf 80' lang='grc'><strong>337</strong></span> <span class='ocrx_word' id='word_1_37' title='bbox 138 651 215 721; x_wconf 90' lang='lat' dir='ltr'><strong>quod</strong></span> <span class='ocrx_word' id='word_1_38' title='bbox 228 651 270 705; x_wconf 94' lang='lat' dir='ltr'><strong>Bi.</strong></span> <span class='ocrx_word' id='word_1_39' title='bbox 286 651 448 706; x_wconf 82' lang='lat' dir='ltr'><strong>Muuditiae</strong></span> <span class='ocrx_word' id='word_1_40' title='bbox 462 650 688 721; x_wconf 87' lang='lat' dir='ltr'><strong>interpungendo</strong></span> <span class='ocrx_word' id='word_1_41' title='bbox 703 652 854 721; x_wconf 82' lang='lat' dir='ltr'><strong>separavit,</strong></span> <span class='ocrx_word' id='word_1_42' title='bbox 869 652 962 706; x_wconf 88' lang='lat' dir='ltr'><strong>minus</strong></span> <span class='ocrx_word' id='word_1_43' title='bbox 977 652 1085 724; x_wconf 81' lang='lat' dir='ltr'><strong>placet3</strong></span> 
     </span>
     <span class='ocr_line' id='line_1_8' title="bbox 138 721 1086 792; baseline 0.002 -16"><span class='ocrx_word' id='word_1_44' title='bbox 138 738 193 791; x_wconf 89' lang='lat' dir='ltr'><strong>ego</strong></span> <span class='ocrx_word' id='word_1_45' title='bbox 220 739 316 776; x_wconf 85' lang='lat' dir='ltr'><strong>rursus</strong></span> <span class='ocrx_word' id='word_1_46' title='bbox 345 721 476 776; x_wconf 85' lang='lat' dir='ltr'><strong>coniunxi</strong></span> <span class='ocrx_word' id='word_1_47' title='bbox 503 724 665 792; x_wconf 72' lang='lat' dir='ltr'><strong>minimeque</strong></span> <span class='ocrx_word' id='word_1_48' title='bbox 691 725 785 778; x_wconf 82' lang='lat' dir='ltr'><strong>viriles</strong></span> <span class='ocrx_word' id='word_1_49' title='bbox 811 725 972 779; x_wconf 74' lang='lat' dir='ltr'><strong>munditiae.</strong></span> <span class='ocrx_word' id='word_1_50' title='bbox 1012 724 1086 778; x_wconf 89' lang='lat' dir='ltr'><strong>hanc</strong></span> 
     </span>
     <span class='ocr_line' id='line_1_9' title="bbox 137 793 1086 850; baseline 0.002 -4"><span class='ocrx_word' id='word_1_51' title='bbox 137 808 238 848; x_wconf 81' lang='lat' dir='ltr'><strong>vocem</strong></span> <span class='ocrx_word' id='word_1_52' title='bbox 257 795 352 847; x_wconf 88' lang='lat' dir='ltr'><strong>autem</strong></span> <span class='ocrx_word' id='word_1_53' title='bbox 367 793 402 846; x_wconf 93' lang='lat' dir='ltr'><strong>de</strong></span> <span class='ocrx_word' id='word_1_54' title='bbox 417 793 592 847; x_wconf 86' lang='lat' dir='ltr'><strong>orationis</strong></span> <span class='ocrx_word' id='word_1_55' title='bbox 606 793 747 848; x_wconf 75' lang='lat' dir='ltr'><strong>munditia</strong></span> <span class='ocrx_word' id='word_1_56' title='bbox 762 795 820 848; x_wconf 88' lang='lat' dir='ltr'><strong>sive</strong></span> <span class='ocrx_word' id='word_1_57' title='bbox 834 797 984 849; x_wconf 79' lang='lat' dir='ltr'><strong>venustate</strong></span> <span class='ocrx_word' id='word_1_58' title='bbox 1000 795 1086 850; x_wconf 89' lang='lat' dir='ltr'><strong>inter-</strong></span> 
     </span>
     <span class='ocr_line' id='line_1_10' title="bbox 137 863 1087 944; baseline 0.003 -28"><span class='ocrx_word' id='word_1_59' title='bbox 137 867 242 934; x_wconf 88' lang='lat' dir='ltr'><strong>pretor,</strong></span> <span class='ocrx_word' id='word_1_60' title='bbox 257 863 333 931; x_wconf 89' lang='lat' dir='ltr'><strong>quod</strong></span> <span class='ocrx_word' id='word_1_61' title='bbox 342 863 390 918; x_wconf 78' lang='lat' dir='ltr'><strong>vix</strong></span> <span class='ocrx_word' id='word_1_62' title='bbox 400 879 470 944; x_wconf 84' lang='lat' dir='ltr'><strong>opus</strong></span> <span class='ocrx_word' id='word_1_63' title='bbox 481 866 525 918; x_wconf 84' lang='lat' dir='ltr'><strong>est</strong></span> <span class='ocrx_word' id='word_1_64' title='bbox 539 864 675 933; x_wconf 87' lang='lat' dir='ltr'><strong>exemplis</strong></span> <span class='ocrx_word' id='word_1_65' title='bbox 690 866 893 921; x_wconf 86' lang='lat' dir='ltr'><strong>commendare.</strong></span> <span class='ocrx_word' id='word_1_66' title='bbox 921 865 962 919; x_wconf 92' lang='lat' dir='ltr'><strong>sic</strong></span> <span class='ocrx_word' id='word_1_67' title='bbox 971 865 1087 920; x_wconf 88' lang='lat' dir='ltr'><strong>tandem</strong></span> 
     </span>
     <span class='ocr_line' id='line_1_11' title="bbox 139 934 1086 1003; baseline 0.002 -14"><span class='ocrx_word' id='word_1_68' title='bbox 139 936 301 1001; x_wconf 85' lang='lat' dir='ltr'><strong>excusatur,</strong></span> <span class='ocrx_word' id='word_1_69' title='bbox 327 934 403 1003; x_wconf 89' lang='lat' dir='ltr'><strong>quod</strong></span> <span class='ocrx_word' id='word_1_70' title='bbox 421 936 496 988; x_wconf 81' lang='lat' dir='ltr'><strong>inter</strong></span> <span class='ocrx_word' id='word_1_71' title='bbox 519 935 656 1002; x_wconf 74' lang='lat' dir='ltr'><strong>asyndetus</strong></span> <span class='ocrx_word' id='word_1_72' title='bbox 679 935 766 990; x_wconf 88' lang='lat' dir='ltr'><strong>semel</strong></span> <span class='ocrx_word' id='word_1_73' title='bbox 789 935 952 990; x_wconf 88' lang='lat' dir='ltr'><strong>intermissa</strong></span> <span class='ocrx_word' id='word_1_74' title='bbox 975 941 1019 990; x_wconf 90' lang='lat' dir='ltr'><strong>est</strong></span> <span class='ocrx_word' id='word_1_75' title='bbox 1042 953 1086 991; x_wconf 88' lang='lat' dir='ltr'><strong>co·</strong></span> 
     </span>
     <span class='ocr_line' id='line_1_12' title="bbox 138 1004 1087 1077; baseline 0.004 -19"><span class='ocrx_word' id='word_1_76' title='bbox 138 1005 209 1074; x_wconf 85' lang='lat' dir='ltr'><strong>pulc</strong></span> <span class='ocrx_word' id='word_1_77' title='bbox 290 1004 320 1057; x_wconf 94' lang='lat' dir='ltr'><strong>in</strong></span> <span class='ocrx_word' id='word_1_78' title='bbox 333 1007 505 1074; x_wconf 76' lang='lat' dir='ltr'><strong>minimeque,</strong></span> <span class='ocrx_word' id='word_1_79' title='bbox 523 1018 578 1072; x_wconf 86' lang='lat' dir='ltr'><strong>qno</strong></span> <span class='ocrx_word' id='word_1_80' title='bbox 597 1004 794 1060; x_wconf 86' lang='lat' dir='ltr'><strong>offendebatur</strong></span> <span class='ocrx_word' id='word_1_81' title='bbox 808 1007 914 1060; x_wconf 87' lang='lat' dir='ltr'><strong>Birtius</strong></span> <span class='ocrx_word' id='word_1_82' title='bbox 932 1006 978 1077; x_wconf 89' lang='lat' dir='ltr'><strong>(cf.</strong></span> <span class='ocrx_word' id='word_1_83' title='bbox 997 1007 1087 1076; x_wconf 88' lang='lat' dir='ltr'><strong>praef.</strong></span> 
     </span>
     <span class='ocr_line' id='line_1_13' title="bbox 137 1023 1087 1147; baseline 0.002 -17"><span class='ocrx_word' id='word_1_84' title='bbox 137 1094 166 1145; x_wconf 88' lang='lat' dir='ltr'><strong>p.</strong></span> <span class='ocrx_word' id='word_1_85' title='bbox 177 1023 309 1145; x_wconf 49' lang='lat' dir='ltr'><strong>(lilffllelg</strong></span> <span class='ocrx_word' id='word_1_86' title='bbox 330 1078 375 1129; x_wconf 90' lang='lat' dir='ltr'><strong>est</strong></span> <span class='ocrx_word' id='word_1_87' title='bbox 388 1075 463 1129; x_wconf 89' lang='lat' dir='ltr'><strong>enim</strong></span> <span class='ocrx_word' id='word_1_88' title='bbox 477 1077 630 1130; x_wconf 71' lang='lat' dir='ltr'><strong>munditiae</strong></span> <span class='ocrx_word' id='word_1_89' title='bbox 644 1077 765 1130; x_wconf 89' lang='lat' dir='ltr'><strong>alterum</strong></span> <span class='ocrx_word' id='word_1_90' title='bbox 780 1077 937 1132; x_wconf 88' lang='lat' dir='ltr'><strong>subiectum</strong></span> <span class='ocrx_word' id='word_1_91' title='bbox 951 1080 981 1131; x_wconf 90' lang='lat' dir='ltr'><strong>et</strong></span> <span class='ocrx_word' id='word_1_92' title='bbox 994 1078 1087 1147; x_wconf 91' lang='lat' dir='ltr'><strong>ipsum</strong></span> 
     </span>
     <span class='ocr_line' id='line_1_14' title="bbox 138 1146 893 1217; baseline 0.008 -19"><span class='ocrx_word' id='word_1_93' title='bbox 138 1162 251 1215; x_wconf 88' lang='lat' dir='ltr'><strong>quoque</strong></span> <span class='ocrx_word' id='word_1_94' title='bbox 270 1147 308 1200; x_wconf 89' lang='lat' dir='ltr'><strong>ad</strong></span> <span class='ocrx_word' id='word_1_95' title='bbox 325 1146 520 1215; x_wconf 86' lang='lat' dir='ltr'><strong>praedicatum</strong></span> <span class='ocrx_word' id='word_1_96' title='bbox 541 1149 603 1201; x_wconf 87' lang='lat' dir='ltr'><strong>luus</strong></span> <span class='ocrx_word' id='word_1_97' title='bbox 620 1149 743 1203; x_wconf 78' lang='lat' dir='ltr'><strong>ruuuimu</strong></span> <span class='ocrx_word' id='word_1_98' title='bbox 761 1148 893 1217; x_wconf 77' lang='lat' dir='ltr'><strong>pertinet,</strong></span> 
     </span>
    </p>

    <p class='ocr_par' dir='ltr' id='par_1_6' title="bbox 59 1215 1087 1556">
     <span class='ocr_line' id='line_1_15' title="bbox 59 1215 1086 1288; baseline 0 -15"><span class='ocrx_word' id='word_1_99' title='bbox 59 1223 118 1273; x_wconf 83' lang='grc'><strong>340</strong></span> <span class='ocrx_word' id='word_1_100' title='bbox 139 1219 250 1288; x_wconf 75' lang='lat' dir='ltr'><strong>obruat]</strong></span> <span class='ocrx_word' id='word_1_101' title='bbox 269 1215 385 1285; x_wconf 88' lang='lat' dir='ltr'><strong>Birtius‚</strong></span> <span class='ocrx_word' id='word_1_102' title='bbox 404 1217 480 1285; x_wconf 89' lang='lat' dir='ltr'><strong>quod</strong></span> <span class='ocrx_word' id='word_1_103' title='bbox 499 1216 536 1270; x_wconf 88' lang='lat' dir='ltr'><strong>ad</strong></span> <span class='ocrx_word' id='word_1_104' title='bbox 556 1233 668 1271; x_wconf 90' lang='lat' dir='ltr'><strong>sensum</strong></span> <span class='ocrx_word' id='word_1_105' title='bbox 687 1218 769 1273; x_wconf 90' lang='lat' dir='ltr'><strong>unice</strong></span> <span class='ocrx_word' id='word_1_106' title='bbox 788 1219 918 1287; x_wconf 87' lang='lat' dir='ltr'><strong>quadrat.</strong></span> <span class='ocrx_word' id='word_1_107' title='bbox 947 1219 982 1273; x_wconf 89' lang='lat' dir='ltr'><strong>ds</strong></span> <span class='ocrx_word' id='word_1_108' title='bbox 996 1218 1086 1273; x_wconf 86' lang='lat' dir='ltr'><strong>varie·</strong></span> 
     </span>
     <span class='ocr_line' id='line_1_16' title="bbox 138 1287 1086 1358; baseline -0.001 -15"><span class='ocrx_word' id='word_1_109' title='bbox 138 1291 200 1343; x_wconf 89' lang='lat' dir='ltr'><strong>tate</strong></span> <span class='ocrx_word' id='word_1_110' title='bbox 220 1288 422 1358; x_wconf 82' lang='lat' dir='ltr'><strong>scripturarum</strong></span> <span class='ocrx_word' id='word_1_111' title='bbox 439 1289 504 1343; x_wconf 81' lang='lat' dir='ltr'><strong>vide</strong></span> <span class='ocrx_word' id='word_1_112' title='bbox 523 1287 584 1342; x_wconf 91' lang='lat' dir='ltr'><strong>eius</strong></span> <span class='ocrx_word' id='word_1_113' title='bbox 604 1291 773 1358; x_wconf 89' lang='lat' dir='ltr'><strong>apparatum</strong></span> <span class='ocrx_word' id='word_1_114' title='bbox 792 1289 929 1344; x_wconf 86' lang='lat' dir='ltr'><strong>criticum.</strong></span> <span class='ocrx_word' id='word_1_115' title='bbox 962 1292 1086 1344; x_wconf 89' lang='lat' dir='ltr'><strong>ceterum</strong></span> 
     </span>
     <span class='ocr_line' id='line_1_17' title="bbox 138 1358 1087 1426; baseline -0.001 -13"><span class='ocrx_word' id='word_1_116' title='bbox 138 1358 301 1413; x_wconf 87' lang='lat' dir='ltr'><strong>defenditur</strong></span> <span class='ocrx_word' id='word_1_117' title='bbox 318 1360 393 1426; x_wconf 89' lang='lat' dir='ltr'><strong>qnod</strong></span> <span class='ocrx_word' id='word_1_118' title='bbox 412 1358 490 1412; x_wconf 88' lang='lat' dir='ltr'><strong>edidi</strong></span> <span class='ocrx_word' id='word_1_119' title='bbox 509 1360 594 1412; x_wconf 90' lang='lat' dir='ltr'><strong>etiam</strong></span> <span class='ocrx_word' id='word_1_120' title='bbox 618 1359 746 1413; x_wconf 88' lang='lat' dir='ltr'><strong>versibus</strong></span> <span class='ocrx_word' id='word_1_121' title='bbox 769 1359 852 1413; x_wconf 89' lang='lat' dir='ltr'><strong>huius</strong></span> <span class='ocrx_word' id='word_1_122' title='bbox 876 1358 942 1413; x_wconf 88' lang='lat' dir='ltr'><strong>libri</strong></span> <span class='ocrx_word' id='word_1_123' title='bbox 961 1365 1087 1426; x_wconf 79' lang='grc'><strong>37-39,</strong></span> 
     </span>
     <span class='ocr_line' id='line_1_18' title="bbox 138 1428 1085 1554; baseline 0.002 -72"><span class='ocrx_word' id='word_1_124' title='bbox 138 1428 190 1483; x_wconf 91' lang='lat' dir='ltr'><strong>ubi</strong></span> <span class='ocrx_word' id='word_1_125' title='bbox 198 1431 284 1554; x_wconf 60' lang='grc' dir='ltr'><strong>3010ἱο</strong></span> <span class='ocrx_word' id='word_1_126' title='bbox 294 1428 568 1499; x_wconf 78' lang='lat' dir='ltr'><strong>Constantinopolim</strong></span> <span class='ocrx_word' id='word_1_127' title='bbox 578 1446 629 1499; x_wconf 89' lang='lat' dir='ltr'><strong>pro</strong></span> <span class='ocrx_word' id='word_1_128' title='bbox 639 1429 804 1483; x_wconf 90' lang='lat' dir='ltr'><strong>criminibus</strong></span> <span class='ocrx_word' id='word_1_129' title='bbox 814 1430 1085 1498; x_wconf 84' lang='lat' dir='ltr'><strong>EutropiiNeptuno</strong></span> 
     </span>
     <span class='ocr_line' id='line_1_19' title="bbox 137 1516 275 1556; baseline 0 -2"><span class='ocrx_word' id='word_1_130' title='bbox 137 1516 224 1556; x_wconf 90' lang='lat' dir='ltr'><strong>conce</strong></span> <span class='ocrx_word' id='word_1_131' title='bbox 244 1519 275 1554; x_wconf 94' lang='lat'><strong>1.</strong></span> 
     </span>
    </p>

    <p class='ocr_par' dir='ltr' id='par_1_7' title="bbox 57 1570 1087 1783">
     <span class='ocr_line' id='line_1_20' title="bbox 57 1570 1085 1652; baseline 0 -26"><span class='ocrx_word' id='word_1_132' title='bbox 57 1577 116 1626; x_wconf 85' lang='lat'><strong>351</strong></span> <span class='ocrx_word' id='word_1_133' title='bbox 139 1572 254 1652; x_wconf 72' lang='lat' dir='ltr'><strong>defossi]</strong></span> <span class='ocrx_word' id='word_1_134' title='bbox 273 1570 354 1640; x_wconf 74' lang='lat' dir='ltr'><strong>V1p,</strong></span> <span class='ocrx_word' id='word_1_135' title='bbox 374 1571 425 1624; x_wconf 87' lang='lat' dir='ltr'><strong>sed</strong></span> <span class='ocrx_word' id='word_1_136' title='bbox 443 1587 459 1626; x_wconf 93' lang='grc'><strong>0</strong></span> <span class='ocrx_word' id='word_1_137' title='bbox 477 1570 516 1625; x_wconf 89' lang='lat' dir='ltr'><strong>V¹</strong></span> <span class='ocrx_word' id='word_1_138' title='bbox 534 1570 564 1624; x_wconf 93' lang='lat' dir='ltr'><strong>in</strong></span> <span class='ocrx_word' id='word_1_139' title='bbox 583 1570 678 1640; x_wconf 85' lang='lat' dir='ltr'><strong>litura,</strong></span> <span class='ocrx_word' id='word_1_140' title='bbox 700 1572 799 1638; x_wconf 76' lang='lat' dir='ltr'><strong>defessi</strong></span> <span class='ocrx_word' id='word_1_141' title='bbox 813 1573 840 1626; x_wconf 74' lang='grc' dir='ltr'><strong>ς.</strong></span> <span class='ocrx_word' id='word_1_142' title='bbox 874 1570 1005 1625; x_wconf 82' lang='lat' dir='ltr'><strong>defossi</strong></span> <span class='ocrx_word' id='word_1_143' title='bbox 1024 1570 1085 1626; x_wconf 90' lang='lat' dir='ltr'><strong>iure</strong></span> 
     </span>
     <span class='ocr_line' id='line_1_21' title="bbox 140 1641 1087 1712; baseline 0.001 -17"><span class='ocrx_word' id='word_1_144' title='bbox 140 1642 269 1697; x_wconf 85' lang='lat' dir='ltr'><strong>defendit</strong></span> <span class='ocrx_word' id='word_1_145' title='bbox 286 1641 450 1711; x_wconf 78' lang='lat' dir='ltr'><strong>Trumpius,</strong></span> <span class='ocrx_word' id='word_1_146' title='bbox 469 1641 655 1710; x_wconf 74' lang='lat' dir='ltr'><strong>nequeenim</strong></span> <span class='ocrx_word' id='word_1_147' title='bbox 673 1649 750 1712; x_wconf 75' lang='lat' dir='ltr'><strong>terga</strong></span> <span class='ocrx_word' id='word_1_148' title='bbox 768 1643 866 1710; x_wconf 74' lang='lat' dir='ltr'><strong>defessi</strong></span> <span class='ocrx_word' id='word_1_149' title='bbox 889 1641 946 1695; x_wconf 89' lang='lat' dir='ltr'><strong>dici</strong></span> <span class='ocrx_word' id='word_1_150' title='bbox 968 1645 1087 1711; x_wconf 86' lang='lat' dir='ltr'><strong>possunt</strong></span> 
     </span>
     <span class='ocr_line' id='line_1_22' title="bbox 138 1711 1087 1783; baseline -0.001 -16"><span class='ocrx_word' id='word_1_151' title='bbox 138 1712 268 1768; x_wconf 89' lang='lat' dir='ltr'><strong>homines</strong></span> <span class='ocrx_word' id='word_1_152' title='bbox 287 1711 340 1780; x_wconf 89' lang='lat' dir='ltr'><strong>illi,</strong></span> <span class='ocrx_word' id='word_1_153' title='bbox 359 1713 408 1780; x_wconf 91' lang='lat' dir='ltr'><strong>qui</strong></span> <span class='ocrx_word' id='word_1_154' title='bbox 425 1711 585 1781; x_wconf 84' lang='lat' dir='ltr'><strong>principum</strong></span> <span class='ocrx_word' id='word_1_155' title='bbox 603 1729 717 1766; x_wconf 88' lang='lat' dir='ltr'><strong>munere</strong></span> <span class='ocrx_word' id='word_1_156' title='bbox 731 1713 894 1783; x_wconf 86' lang='lat' dir='ltr'><strong>funguntur,</strong></span> <span class='ocrx_word' id='word_1_157' title='bbox 915 1714 965 1766; x_wconf 89' lang='lat' dir='ltr'><strong>sed</strong></span> <span class='ocrx_word' id='word_1_158' title='bbox 980 1714 1087 1768; x_wconf 89' lang='lat' dir='ltr'><strong>habent</strong></span> 
     </span>
    </p>

    <p class='ocr_par' dir='ltr' id='par_1_8' title="bbox 63 1783 1087 1909">
     <span class='ocr_line' id='line_1_23' title="bbox 63 1783 1087 1853; baseline 0.003 -18"><span class='ocrx_word' id='word_1_159' title='bbox 63 1826 87 1843; x_wconf 65' lang='grc'><strong>,,</strong></span> <span class='ocrx_word' id='word_1_160' title='bbox 139 1800 208 1838; x_wconf 87' lang='lat' dir='ltr'><strong>sane</strong></span> <span class='ocrx_word' id='word_1_161' title='bbox 239 1785 269 1837; x_wconf 90' lang='lat' dir='ltr'><strong>in</strong></span> <span class='ocrx_word' id='word_1_162' title='bbox 301 1783 389 1852; x_wconf 83' lang='lat' dir='ltr'><strong>tergis</strong></span> <span class='ocrx_word' id='word_1_163' title='bbox 423 1783 569 1838; x_wconf 88' lang='lat' dir='ltr'><strong>verberum</strong></span> <span class='ocrx_word' id='word_1_164' title='bbox 600 1783 725 1853; x_wconf 89' lang='lat' dir='ltr'><strong>vestigia</strong></span> <span class='ocrx_word' id='word_1_165' title='bbox 756 1785 773 1839; x_wconf 93' lang='lat' dir='ltr'><strong>i.</strong></span> <span class='ocrx_word' id='word_1_166' title='bbox 803 1801 826 1840; x_wconf 86' lang='lat' dir='ltr'><strong>e.</strong></span> <span class='ocrx_word' id='word_1_167' title='bbox 860 1784 973 1838; x_wconf 88' lang='lat' dir='ltr'><strong>defossa</strong></span> <span class='ocrx_word' id='word_1_168' title='bbox 1004 1787 1087 1853; x_wconf 88' lang='lat' dir='ltr'><strong>terga</strong></span> 
     </span>
     <span class='ocr_line' id='line_1_24' title="bbox 139 1853 312 1909; baseline -0.006 0"><span class='ocrx_word' id='word_1_169' title='bbox 139 1853 312 1909; x_wconf 80' lang='lat' dir='ltr'><strong>verberibus.</strong></span> 
     </span>
    </p>

    <p class='ocr_par' dir='ltr' id='par_1_9' title="bbox 58 1923 1086 2631">
     <span class='ocr_line' id='line_1_25' title="bbox 58 1923 1086 1995; baseline -0.002 -15"><span class='ocrx_word' id='word_1_170' title='bbox 58 1931 210 1981; x_wconf 73' lang='lat' dir='ltr'><strong>sss-399</strong></span> <span class='ocrx_word' id='word_1_171' title='bbox 238 1923 445 1994; x_wconf 88' lang='lat' dir='ltr'><strong>praestantium</strong></span> <span class='ocrx_word' id='word_1_172' title='bbox 472 1924 598 1979; x_wconf 90' lang='lat' dir='ltr'><strong>codicum</strong></span> <span class='ocrx_word' id='word_1_173' title='bbox 628 1924 679 1979; x_wconf 76' lang='lat' dir='ltr'><strong>Ec</strong></span> <span class='ocrx_word' id='word_1_174' title='bbox 711 1925 878 1995; x_wconf 86' lang='lat' dir='ltr'><strong>scripturam</strong></span> <span class='ocrx_word' id='word_1_175' title='bbox 904 1927 1024 1993; x_wconf 77' lang='lat' dir='ltr'><strong>furorem</strong></span> <span class='ocrx_word' id='word_1_176' title='bbox 1053 1941 1086 1978; x_wconf 93' lang='lat' dir='ltr'><strong>eo</strong></span> 
     </span>
     <span class='ocr_line' id='line_1_26' title="bbox 139 1995 1086 2066; baseline 0 -16"><span class='ocrx_word' id='word_1_177' title='bbox 139 1996 232 2066; x_wconf 89' lang='lat' dir='ltr'><strong>magis</strong></span> <span class='ocrx_word' id='word_1_178' title='bbox 251 1995 454 2050; x_wconf 88' lang='lat' dir='ltr'><strong>restituendam</strong></span> <span class='ocrx_word' id='word_1_179' title='bbox 473 1995 587 2065; x_wconf 80' lang='lat' dir='ltr'><strong>putavi,</strong></span> <span class='ocrx_word' id='word_1_180' title='bbox 610 2013 666 2063; x_wconf 93' lang='lat' dir='ltr'><strong>quo</strong></span> <span class='ocrx_word' id='word_1_181' title='bbox 689 1996 847 2049; x_wconf 85' lang='lat' dir='ltr'><strong>faciliorem</strong></span> <span class='ocrx_word' id='word_1_182' title='bbox 870 2013 931 2051; x_wconf 89' lang='lat' dir='ltr'><strong>esse</strong></span> <span class='ocrx_word' id='word_1_183' title='bbox 955 1997 1086 2050; x_wconf 87' lang='lat' dir='ltr'><strong>videbam</strong></span> 
     </span>
     <span class='ocr_line' id='line_1_27' title="bbox 139 2066 1086 2135; baseline -0.003 -13"><span class='ocrx_word' id='word_1_184' title='bbox 139 2083 262 2122; x_wconf 86' lang='lat' dir='ltr'><strong>errorem</strong></span> <span class='ocrx_word' id='word_1_185' title='bbox 280 2067 452 2135; x_wconf 90' lang='lat' dir='ltr'><strong>reliquorum</strong></span> <span class='ocrx_word' id='word_1_186' title='bbox 470 2085 498 2120; x_wconf 90' lang='lat' dir='ltr'><strong>m</strong></span> <span class='ocrx_word' id='word_1_187' title='bbox 514 2066 600 2120; x_wconf 88' lang='lat' dir='ltr'><strong>finale</strong></span> <span class='ocrx_word' id='word_1_188' title='bbox 619 2066 820 2121; x_wconf 83' lang='lat' dir='ltr'><strong>emittentium.</strong></span> <span class='ocrx_word' id='word_1_189' title='bbox 852 2067 927 2121; x_wconf 88' lang='lat' dir='ltr'><strong>unde</strong></span> <span class='ocrx_word' id='word_1_190' title='bbox 951 2067 1021 2135; x_wconf 88' lang='lat' dir='ltr'><strong>qnid</strong></span> <span class='ocrx_word' id='word_1_191' title='bbox 1044 2068 1086 2121; x_wconf 93' lang='lat' dir='ltr'><strong>lu-</strong></span> 
     </span>
     <span class='ocr_line' id='line_1_28' title="bbox 138 2137 1085 2207; baseline 0 -15"><span class='ocrx_word' id='word_1_192' title='bbox 138 2155 261 2204; x_wconf 86' lang='lat' dir='ltr'><strong>cremur,</strong></span> <span class='ocrx_word' id='word_1_193' title='bbox 285 2138 315 2191; x_wconf 91' lang='lat' dir='ltr'><strong>in</strong></span> <span class='ocrx_word' id='word_1_194' title='bbox 334 2137 484 2207; x_wconf 90' lang='lat' dir='ltr'><strong>propatulo</strong></span> <span class='ocrx_word' id='word_1_195' title='bbox 504 2140 559 2202; x_wconf 81' lang='lat' dir='ltr'><strong>est3</strong></span> <span class='ocrx_word' id='word_1_196' title='bbox 583 2139 646 2192; x_wconf 90' lang='lat' dir='ltr'><strong>tota</strong></span> <span class='ocrx_word' id='word_1_197' title='bbox 665 2137 740 2191; x_wconf 91' lang='lat' dir='ltr'><strong>euim</strong></span> <span class='ocrx_word' id='word_1_198' title='bbox 756 2138 856 2191; x_wconf 91' lang='lat' dir='ltr'><strong>harum</strong></span> <span class='ocrx_word' id='word_1_199' title='bbox 881 2137 1085 2192; x_wconf 88' lang='lat' dir='ltr'><strong>sententiarum</strong></span> 
     </span>
     <span class='ocr_line' id='line_1_29' title="bbox 138 2207 1086 2289; baseline -0.001 -26"><span class='ocrx_word' id='word_1_200' title='bbox 138 2208 306 2276; x_wconf 79' lang='lat' dir='ltr'><strong>compositio</strong></span> <span class='ocrx_word' id='word_1_201' title='bbox 321 2207 483 2262; x_wconf 88' lang='lat' dir='ltr'><strong>concinnior</strong></span> <span class='ocrx_word' id='word_1_202' title='bbox 496 2208 575 2262; x_wconf 89' lang='lat' dir='ltr'><strong>facta</strong></span> <span class='ocrx_word' id='word_1_203' title='bbox 589 2210 640 2274; x_wconf 86' lang='lat' dir='ltr'><strong>est,</strong></span> <span class='ocrx_word' id='word_1_204' title='bbox 655 2208 705 2262; x_wconf 92' lang='lat' dir='ltr'><strong>ubi</strong></span> <span class='ocrx_word' id='word_1_205' title='bbox 720 2208 896 2263; x_wconf 87' lang='lat' dir='ltr'><strong>accusativos</strong></span> <span class='ocrx_word' id='word_1_206' title='bbox 913 2210 1086 2289; x_wconf 62' lang='lat' dir='ltr'><strong>Tarbigilum</strong></span> 
     </span>
     <span class='ocr_line' id='line_1_30' title="bbox 139 2279 1085 2350; baseline -0.004 -16"><span class='ocrx_word' id='word_1_207' title='bbox 139 2282 169 2334; x_wconf 88' lang='lat' dir='ltr'><strong>et</strong></span> <span class='ocrx_word' id='word_1_208' title='bbox 190 2280 367 2350; x_wconf 78' lang='lat' dir='ltr'><strong>Grutbmcpos</strong></span> <span class='ocrx_word' id='word_1_209' title='bbox 391 2295 520 2348; x_wconf 88' lang='lat' dir='ltr'><strong>separare</strong></span> <span class='ocrx_word' id='word_1_210' title='bbox 543 2279 601 2332; x_wconf 93' lang='lat' dir='ltr'><strong>iam</strong></span> <span class='ocrx_word' id='word_1_211' title='bbox 625 2297 682 2333; x_wconf 93' lang='lat' dir='ltr'><strong>non</strong></span> <span class='ocrx_word' id='word_1_212' title='bbox 704 2279 841 2334; x_wconf 91' lang='lat' dir='ltr'><strong>iubemur.</strong></span> <span class='ocrx_word' id='word_1_213' title='bbox 879 2279 976 2347; x_wconf 90' lang='lat' dir='ltr'><strong>itaque</strong></span> <span class='ocrx_word' id='word_1_214' title='bbox 999 2282 1085 2333; x_wconf 89' lang='lat' dir='ltr'><strong>mter-</strong></span> 
     </span>
     <span class='ocr_line' id='line_1_31' title="bbox 137 2349 1086 2420; baseline -0.001 -17"><span class='ocrx_word' id='word_1_215' title='bbox 137 2349 321 2420; x_wconf 90' lang='lat' dir='ltr'><strong>punctionem</strong></span> <span class='ocrx_word' id='word_1_216' title='bbox 338 2349 455 2404; x_wconf 87' lang='lat' dir='ltr'><strong>mutavi.</strong></span> <span class='ocrx_word' id='word_1_217' title='bbox 487 2366 570 2419; x_wconf 88' lang='lat' dir='ltr'><strong>porro</strong></span> <span class='ocrx_word' id='word_1_218' title='bbox 589 2352 717 2405; x_wconf 82' lang='lat' dir='ltr'><strong>timidum</strong></span> <span class='ocrx_word' id='word_1_219' title='bbox 741 2367 775 2403; x_wconf 87' lang='lat' dir='ltr'><strong>ex</strong></span> <span class='ocrx_word' id='word_1_220' title='bbox 793 2349 917 2404; x_wconf 90' lang='lat' dir='ltr'><strong>omnium</strong></span> <span class='ocrx_word' id='word_1_221' title='bbox 940 2351 999 2403; x_wconf 90' lang='lat' dir='ltr'><strong>fere</strong></span> <span class='ocrx_word' id='word_1_222' title='bbox 1022 2365 1086 2402; x_wconf 91' lang='lat' dir='ltr'><strong>con·</strong></span> 
     </span>
     <span class='ocr_line' id='line_1_32' title="bbox 139 2419 1084 2491; baseline -0.003 -16"><span class='ocrx_word' id='word_1_223' title='bbox 139 2437 224 2475; x_wconf 87' lang='lat' dir='ltr'><strong>sensu</strong></span> <span class='ocrx_word' id='word_1_224' title='bbox 245 2419 370 2491; x_wconf 88' lang='lat' dir='ltr'><strong>praetuli</strong></span> <span class='ocrx_word' id='word_1_225' title='bbox 389 2419 494 2490; x_wconf 89' lang='lat' dir='ltr'><strong>quippe</strong></span> <span class='ocrx_word' id='word_1_226' title='bbox 520 2421 596 2490; x_wconf 86' lang='lat' dir='ltr'><strong>quod</strong></span> <span class='ocrx_word' id='word_1_227' title='bbox 619 2420 788 2474; x_wconf 88' lang='lat' dir='ltr'><strong>attributum</strong></span> <span class='ocrx_word' id='word_1_228' title='bbox 811 2419 990 2489; x_wconf 87' lang='lat' dir='ltr'><strong>aptissimam</strong></span> <span class='ocrx_word' id='word_1_229' title='bbox 1011 2420 1084 2473; x_wconf 90' lang='lat' dir='ltr'><strong>rela-</strong></span> 
     </span>
     <span class='ocr_line' id='line_1_33' title="bbox 138 2489 1084 2560; baseline -0.002 -14"><span class='ocrx_word' id='word_1_230' title='bbox 138 2495 246 2547; x_wconf 89' lang='lat' dir='ltr'><strong>tionem</strong></span> <span class='ocrx_word' id='word_1_231' title='bbox 263 2491 370 2545; x_wconf 87' lang='lat' dir='ltr'><strong>habeat</strong></span> <span class='ocrx_word' id='word_1_232' title='bbox 388 2491 424 2544; x_wconf 93' lang='lat' dir='ltr'><strong>ad</strong></span> <span class='ocrx_word' id='word_1_233' title='bbox 443 2501 503 2547; x_wconf 83' lang='lat' dir='ltr'><strong>oues</strong></span> <span class='ocrx_word' id='word_1_234' title='bbox 521 2508 594 2560; x_wconf 90' lang='lat' dir='ltr'><strong>quae</strong></span> <span class='ocrx_word' id='word_1_235' title='bbox 617 2494 785 2560; x_wconf 67' lang='lat' dir='ltr'><strong>sequentum</strong></span> <span class='ocrx_word' id='word_1_236' title='bbox 809 2494 839 2545; x_wconf 88' lang='lat' dir='ltr'><strong>et</strong></span> <span class='ocrx_word' id='word_1_237' title='bbox 862 2490 968 2560; x_wconf 88' lang='lat' dir='ltr'><strong>optime</strong></span> <span class='ocrx_word' id='word_1_238' title='bbox 987 2489 1017 2543; x_wconf 94' lang='lat' dir='ltr'><strong>in</strong></span> <span class='ocrx_word' id='word_1_239' title='bbox 1037 2507 1084 2545; x_wconf 88' lang='lat' dir='ltr'><strong>ore</strong></span> 
     </span>
     <span class='ocr_line' id='line_1_34' title="bbox 138 2561 951 2631; baseline 0.001 -16"><span class='ocrx_word' id='word_1_240' title='bbox 138 2562 250 2631; x_wconf 88' lang='lat' dir='ltr'><strong>Leonis,</strong></span> <span class='ocrx_word' id='word_1_241' title='bbox 268 2562 369 2616; x_wconf 90' lang='lat' dir='ltr'><strong>militis</strong></span> <span class='ocrx_word' id='word_1_242' title='bbox 388 2561 515 2631; x_wconf 80' lang='lat' dir='ltr'><strong>gloriosi,</strong></span> <span class='ocrx_word' id='word_1_243' title='bbox 534 2564 647 2617; x_wconf 82' lang='lat' dir='ltr'><strong>timidus</strong></span> <span class='ocrx_word' id='word_1_244' title='bbox 666 2561 747 2615; x_wconf 86' lang='lat' dir='ltr'><strong>audit</strong></span> <span class='ocrx_word' id='word_1_245' title='bbox 765 2561 951 2616; x_wconf 86' lang='lat' dir='ltr'><strong>adversarius.</strong></span> 
     </span>
    </p>

    <p class='ocr_par' dir='ltr' id='par_1_10' title="bbox 56 2631 1086 3128">
     <span class='ocr_line' id='line_1_35' title="bbox 56 2631 1085 2705; baseline -0.007 -15"><span class='ocrx_word' id='word_1_246' title='bbox 56 2641 116 2691; x_wconf 75' lang='lat'><strong>471</strong></span> <span class='ocrx_word' id='word_1_247' title='bbox 135 2634 290 2705; x_wconf 86' lang='lat' dir='ltr'><strong>puppibus]</strong></span> <span class='ocrx_word' id='word_1_248' title='bbox 310 2635 429 2702; x_wconf 81' lang='lat' dir='ltr'><strong>spectari</strong></span> <span class='ocrx_word' id='word_1_249' title='bbox 446 2650 459 2688; x_wconf 93' lang='lat' dir='ltr'><strong>e</strong></span> <span class='ocrx_word' id='word_1_250' title='bbox 474 2635 617 2703; x_wconf 76' lang='lat' dir='ltr'><strong>puppibus</strong></span> <span class='ocrx_word' id='word_1_251' title='bbox 631 2632 657 2687; x_wconf 89' lang='lat' dir='ltr'><strong>V</strong></span> <span class='ocrx_word' id='word_1_252' title='bbox 671 2632 856 2700; x_wconf 86' lang='lat' dir='ltr'><strong>similiterque</strong></span> <span class='ocrx_word' id='word_1_253' title='bbox 870 2635 902 2685; x_wconf 92' lang='lat' dir='ltr'><strong>ut</strong></span> <span class='ocrx_word' id='word_1_254' title='bbox 915 2632 1028 2686; x_wconf 84' lang='lat' dir='ltr'><strong>videtur</strong></span> <span class='ocrx_word' id='word_1_255' title='bbox 1041 2631 1085 2700; x_wconf 79' lang='lat'><strong>1³¹,</strong></span> 
     </span>
     <span class='ocr_line' id='line_1_36' title="bbox 139 2702 1085 2773; baseline -0.002 -17"><span class='ocrx_word' id='word_1_256' title='bbox 139 2703 215 2772; x_wconf 90' lang='lat' dir='ltr'><strong>quod</strong></span> <span class='ocrx_word' id='word_1_257' title='bbox 234 2704 368 2773; x_wconf 90' lang='lat' dir='ltr'><strong>displicet</strong></span> <span class='ocrx_word' id='word_1_258' title='bbox 385 2706 502 2772; x_wconf 87' lang='lat' dir='ltr'><strong>propter</strong></span> <span class='ocrx_word' id='word_1_259' title='bbox 520 2703 620 2757; x_wconf 88' lang='lat' dir='ltr'><strong>elisam</strong></span> <span class='ocrx_word' id='word_1_260' title='bbox 634 2707 646 2757; x_wconf 90' lang='lat' dir='ltr'><strong>i</strong></span> <span class='ocrx_word' id='word_1_261' title='bbox 659 2704 795 2758; x_wconf 82' lang='lat' dir='ltr'><strong>vocalem.</strong></span> <span class='ocrx_word' id='word_1_262' title='bbox 827 2703 980 2757; x_wconf 84' lang='lat' dir='ltr'><strong>infeliciter</strong></span> <span class='ocrx_word' id='word_1_263' title='bbox 999 2702 1085 2756; x_wconf 91' lang='lat' dir='ltr'><strong>etiam</strong></span> 
     </span>
     <span class='ocr_line' id='line_1_37' title="bbox 138 2774 1086 2844; baseline -0.002 -16"><span class='ocrx_word' id='word_1_264' title='bbox 138 2775 272 2829; x_wconf 88' lang='lat' dir='ltr'><strong>Heinsius</strong></span> <span class='ocrx_word' id='word_1_265' title='bbox 290 2791 304 2830; x_wconf 89' lang='lat' dir='ltr'><strong>e</strong></span> <span class='ocrx_word' id='word_1_266' title='bbox 321 2777 439 2844; x_wconf 79' lang='lat' dir='ltr'><strong>rupibus</strong></span> <span class='ocrx_word' id='word_1_267' title='bbox 456 2774 590 2840; x_wconf 86' lang='lat' dir='ltr'><strong>coniecit;</strong></span> <span class='ocrx_word' id='word_1_268' title='bbox 609 2791 675 2828; x_wconf 89' lang='lat' dir='ltr'><strong>nam</strong></span> <span class='ocrx_word' id='word_1_269' title='bbox 693 2777 796 2828; x_wconf 89' lang='lat' dir='ltr'><strong>nautas</strong></span> <span class='ocrx_word' id='word_1_270' title='bbox 815 2790 885 2841; x_wconf 86' lang='lat' dir='ltr'><strong>esse,</strong></span> <span class='ocrx_word' id='word_1_271' title='bbox 904 2774 953 2842; x_wconf 92' lang='lat' dir='ltr'><strong>qui</strong></span> <span class='ocrx_word' id='word_1_272' title='bbox 971 2774 1086 2827; x_wconf 90' lang='lat' dir='ltr'><strong>nuntios</strong></span> 
     </span>
     <span class='ocr_line' id='line_1_38' title="bbox 139 2843 1084 2914; baseline -0.002 -16"><span class='ocrx_word' id='word_1_273' title='bbox 139 2846 175 2899; x_wconf 89' lang='lat' dir='ltr'><strong>de</strong></span> <span class='ocrx_word' id='word_1_274' title='bbox 192 2845 330 2900; x_wconf 90' lang='lat' dir='ltr'><strong>incendiis</strong></span> <span class='ocrx_word' id='word_1_275' title='bbox 350 2845 489 2912; x_wconf 85' lang='lat' dir='ltr'><strong>adferant,</strong></span> <span class='ocrx_word' id='word_1_276' title='bbox 508 2845 629 2899; x_wconf 74' lang='lat' dir='ltr'><strong>maxime</strong></span> <span class='ocrx_word' id='word_1_277' title='bbox 649 2845 803 2914; x_wconf 90' lang='lat' dir='ltr'><strong>conligitur</strong></span> <span class='ocrx_word' id='word_1_278' title='bbox 821 2862 856 2899; x_wconf 86' lang='lat' dir='ltr'><strong>ex</strong></span> <span class='ocrx_word' id='word_1_279' title='bbox 871 2864 896 2900; x_wconf 82' lang='lat' dir='ltr'><strong>v.</strong></span> <span class='ocrx_word' id='word_1_280' title='bbox 912 2850 973 2912; x_wconf 76' lang='lat'><strong>473,</strong></span> <span class='ocrx_word' id='word_1_281' title='bbox 993 2844 1042 2897; x_wconf 90' lang='lat' dir='ltr'><strong>ubi</strong></span> <span class='ocrx_word' id='word_1_282' title='bbox 1056 2843 1084 2897; x_wconf 92' lang='lat' dir='ltr'><strong>in</strong></span> 
     </span>
     <span class='ocr_line' id='line_1_39' title="bbox 137 2914 1086 2985; baseline -0.004 -14"><span class='ocrx_word' id='word_1_283' title='bbox 137 2915 241 2985; x_wconf 78' lang='lat' dir='ltr'><strong>pelago</strong></span> <span class='ocrx_word' id='word_1_284' title='bbox 259 2916 360 2970; x_wconf 88' lang='lat' dir='ltr'><strong>favilla</strong></span> <span class='ocrx_word' id='word_1_285' title='bbox 377 2916 449 2971; x_wconf 84' lang='lat' dir='ltr'><strong>velis</strong></span> <span class='ocrx_word' id='word_1_286' title='bbox 473 2915 622 2971; x_wconf 89' lang='lat' dir='ltr'><strong>inhaerens</strong></span> <span class='ocrx_word' id='word_1_287' title='bbox 647 2917 819 2971; x_wconf 86' lang='lat' dir='ltr'><strong>observatur.</strong></span> <span class='ocrx_word' id='word_1_288' title='bbox 853 2915 974 2984; x_wconf 87' lang='lat' dir='ltr'><strong>denique</strong></span> <span class='ocrx_word' id='word_1_289' title='bbox 993 2914 1086 2968; x_wconf 91' lang='lat' dir='ltr'><strong>locum</strong></span> 
     </span>
     <span class='ocr_line' id='line_1_40' title="bbox 140 2984 1086 3057; baseline -0.003 -16"><span class='ocrx_word' id='word_1_290' title='bbox 140 2987 182 3042; x_wconf 90' lang='lat' dir='ltr'><strong>sic</strong></span> <span class='ocrx_word' id='word_1_291' title='bbox 201 2987 311 3057; x_wconf 87' lang='lat' dir='ltr'><strong>explico</strong></span> <span class='ocrx_word' id='word_1_292' title='bbox 330 2989 363 3041; x_wconf 90' lang='lat' dir='ltr'><strong>ut</strong></span> <span class='ocrx_word' id='word_1_293' title='bbox 377 2989 520 3057; x_wconf 84' lang='lat' dir='ltr'><strong>puppibus</strong></span> <span class='ocrx_word' id='word_1_294' title='bbox 538 2986 576 3040; x_wconf 91' lang='lat' dir='ltr'><strong>sit</strong></span> <span class='ocrx_word' id='word_1_295' title='bbox 595 2987 720 3042; x_wconf 71' lang='lat' dir='ltr'><strong>dativum</strong></span> <span class='ocrx_word' id='word_1_296' title='bbox 739 3003 848 3056; x_wconf 88' lang='lat' dir='ltr'><strong>puppes</strong></span> <span class='ocrx_word' id='word_1_297' title='bbox 867 2987 946 3056; x_wconf 90' lang='lat' dir='ltr'><strong>ipsae</strong></span> <span class='ocrx_word' id='word_1_298' title='bbox 961 2986 991 3040; x_wconf 89' lang='lat' dir='ltr'><strong>in</strong></span> <span class='ocrx_word' id='word_1_299' title='bbox 1005 2984 1086 3039; x_wconf 90' lang='lat' dir='ltr'><strong>navi-</strong></span> 
     </span>
     <span class='ocr_line' id='line_1_41' title="bbox 138 3057 647 3128; baseline 0.002 -17"><span class='ocrx_word' id='word_1_300' title='bbox 138 3057 235 3127; x_wconf 87' lang='lat' dir='ltr'><strong>gando</strong></span> <span class='ocrx_word' id='word_1_301' title='bbox 254 3060 386 3128; x_wconf 87' lang='lat' dir='ltr'><strong>spectant</strong></span> <span class='ocrx_word' id='word_1_302' title='bbox 403 3058 486 3112; x_wconf 88' lang='lat' dir='ltr'><strong>urbes</strong></span> <span class='ocrx_word' id='word_1_303' title='bbox 507 3074 647 3112; x_wconf 87' lang='lat' dir='ltr'><strong>accensas.</strong></span> 
     </span>
    </p>

    <p class='ocr_par' dir='ltr' id='par_1_11' title="bbox 57 3127 1087 3555">
     <span class='ocr_line' id='line_1_42' title="bbox 57 3127 1085 3201; baseline -0.006 -15"><span class='ocrx_word' id='word_1_304' title='bbox 57 3136 117 3186; x_wconf 83' lang='grc'><strong>483</strong></span> <span class='ocrx_word' id='word_1_305' title='bbox 138 3130 243 3201; x_wconf 82' lang='lat' dir='ltr'><strong>rerum]</strong></span> <span class='ocrx_word' id='word_1_306' title='bbox 262 3129 339 3197; x_wconf 90' lang='lat' dir='ltr'><strong>quod</strong></span> <span class='ocrx_word' id='word_1_307' title='bbox 355 3129 495 3197; x_wconf 90' lang='lat' dir='ltr'><strong>praebent</strong></span> <span class='ocrx_word' id='word_1_308' title='bbox 513 3127 632 3195; x_wconf 91' lang='lat' dir='ltr'><strong>codices,</strong></span> <span class='ocrx_word' id='word_1_309' title='bbox 652 3129 725 3183; x_wconf 89' lang='lat' dir='ltr'><strong>ferre</strong></span> <span class='ocrx_word' id='word_1_310' title='bbox 743 3144 860 3196; x_wconf 87' lang='lat' dir='ltr'><strong>nequeo,</strong></span> <span class='ocrx_word' id='word_1_311' title='bbox 883 3127 950 3195; x_wconf 92' lang='lat' dir='ltr'><strong>quia</strong></span> <span class='ocrx_word' id='word_1_312' title='bbox 968 3129 1085 3182; x_wconf 87' lang='lat' dir='ltr'><strong>eventus</strong></span> 
     </span>
     <span class='ocr_line' id='line_1_43' title="bbox 137 3197 1085 3268; baseline -0.002 -15"><span class='ocrx_word' id='word_1_313' title='bbox 137 3216 233 3254; x_wconf 86' lang='lat' dir='ltr'><strong>rerum</strong></span> <span class='ocrx_word' id='word_1_314' title='bbox 255 3207 332 3254; x_wconf 88' lang='lat' dir='ltr'><strong>certe</strong></span> <span class='ocrx_word' id='word_1_315' title='bbox 354 3199 492 3268; x_wconf 87' lang='lat' dir='ltr'><strong>magister</strong></span> <span class='ocrx_word' id='word_1_316' title='bbox 513 3215 572 3253; x_wconf 89' lang='lat' dir='ltr'><strong>non</strong></span> <span class='ocrx_word' id='word_1_317' title='bbox 594 3201 650 3265; x_wconf 83' lang='lat' dir='ltr'><strong>est;</strong></span> <span class='ocrx_word' id='word_1_318' title='bbox 678 3216 730 3252; x_wconf 91' lang='lat' dir='ltr'><strong>nec</strong></span> <span class='ocrx_word' id='word_1_319' title='bbox 754 3199 779 3252; x_wconf 91' lang='lat' dir='ltr'><strong>si</strong></span> <span class='ocrx_word' id='word_1_320' title='bbox 803 3217 894 3254; x_wconf 81' lang='lat' dir='ltr'><strong>rerum</strong></span> <span class='ocrx_word' id='word_1_321' title='bbox 917 3197 954 3252; x_wconf 88' lang='lat' dir='ltr'><strong>ad</strong></span> <span class='ocrx_word' id='word_1_322' title='bbox 976 3203 1085 3253; x_wconf 85' lang='lat' dir='ltr'><strong>eueutus</strong></span> 
     </span>
     <span class='ocr_line' id='line_1_44' title="bbox 137 3268 1087 3338; baseline -0.003 -14"><span class='ocrx_word' id='word_1_323' title='bbox 137 3270 246 3335; x_wconf 88' lang='lat' dir='ltr'><strong>trahas,</strong></span> <span class='ocrx_word' id='word_1_324' title='bbox 265 3271 296 3325; x_wconf 87' lang='lat' dir='ltr'><strong>id</strong></span> <span class='ocrx_word' id='word_1_325' title='bbox 315 3270 385 3325; x_wconf 89' lang='lat' dir='ltr'><strong>satis</strong></span> <span class='ocrx_word' id='word_1_326' title='bbox 403 3271 511 3338; x_wconf 77' lang='lat' dir='ltr'><strong>placet3</strong></span> <span class='ocrx_word' id='word_1_327' title='bbox 535 3286 600 3324; x_wconf 89' lang='lat' dir='ltr'><strong>nam</strong></span> <span class='ocrx_word' id='word_1_328' title='bbox 624 3277 734 3326; x_wconf 78' lang='lat' dir='ltr'><strong>euectus</strong></span> <span class='ocrx_word' id='word_1_329' title='bbox 757 3269 886 3324; x_wconf 91' lang='lat' dir='ltr'><strong>absolute</strong></span> <span class='ocrx_word' id='word_1_330' title='bbox 908 3268 1019 3337; x_wconf 89' lang='lat' dir='ltr'><strong>positus</strong></span> <span class='ocrx_word' id='word_1_331' title='bbox 1042 3271 1087 3321; x_wconf 89' lang='lat' dir='ltr'><strong>est</strong></span> 
     </span>
     <span class='ocr_line' id='line_1_45' title="bbox 138 3340 1086 3411; baseline -0.002 -16"><span class='ocrx_word' id='word_1_332' title='bbox 138 3342 217 3411; x_wconf 88' lang='lat' dir='ltr'><strong>apud</strong></span> <span class='ocrx_word' id='word_1_333' title='bbox 234 3340 345 3396; x_wconf 85' lang='lat' dir='ltr'><strong>Livium</strong></span> <span class='ocrx_word' id='word_1_334' title='bbox 363 3341 441 3395; x_wconf 84' lang='lat' dir='ltr'>XXII</span> <span class='ocrx_word' id='word_1_335' title='bbox 460 3346 558 3408; x_wconf 83' lang='lat'><strong>39,10</strong></span> <span class='ocrx_word' id='word_1_336' title='bbox 580 3343 700 3410; x_wconf 76' lang='lat' dir='ltr'><strong>(meritus</strong></span> <span class='ocrx_word' id='word_1_337' title='bbox 717 3343 863 3396; x_wconf 76' lang='lat' dir='ltr'><strong>stultmmu</strong></span> <span class='ocrx_word' id='word_1_338' title='bbox 885 3342 935 3394; x_wconf 83' lang='lat' dir='ltr'><strong>iste</strong></span> <span class='ocrx_word' id='word_1_339' title='bbox 957 3341 1086 3409; x_wconf 80' lang='lat' dir='ltr'><strong>mapister</strong></span> 
     </span>
     <span class='ocr_line' id='line_1_46' title="bbox 137 3411 1084 3482; baseline -0.005 -14"><span class='ocrx_word' id='word_1_340' title='bbox 137 3416 188 3481; x_wconf 80' lang='lat' dir='ltr'><strong>est)</strong></span> <span class='ocrx_word' id='word_1_341' title='bbox 212 3415 241 3467; x_wconf 88' lang='grc'><strong>03</strong></span> <span class='ocrx_word' id='word_1_342' title='bbox 262 3413 340 3482; x_wconf 84' lang='lat' dir='ltr'><strong>apud</strong></span> <span class='ocrx_word' id='word_1_343' title='bbox 359 3411 491 3466; x_wconf 86' lang='lat' dir='ltr'><strong>Ovidium</strong></span> <span class='ocrx_word' id='word_1_344' title='bbox 508 3411 623 3466; x_wconf 86' lang='lat' dir='ltr'><strong>Heroid.</strong></span> <span class='ocrx_word' id='word_1_345' title='bbox 637 3413 663 3465; x_wconf 92' lang='grc' dir='ltr'><strong>ΙΙ</strong></span> <span class='ocrx_word' id='word_1_346' title='bbox 677 3417 710 3466; x_wconf 85' lang='grc'><strong>85</strong></span> <span class='ocrx_word' id='word_1_347' title='bbox 722 3430 763 3480; x_wconf 90' lang='lat' dir='ltr'><strong>sq.</strong></span> <span class='ocrx_word' id='word_1_348' title='bbox 787 3418 890 3477; x_wconf 82' lang='lat' dir='ltr'><strong>(cureat</strong></span> <span class='ocrx_word' id='word_1_349' title='bbox 912 3411 1084 3476; x_wconf 83' lang='lat' dir='ltr'><strong>successibus,</strong></span> 
     </span>
     <span class='ocr_line' id='line_1_47' title="bbox 137 3479 1086 3555; baseline -0.006 -17"><span class='ocrx_word' id='word_1_350' title='bbox 137 3490 213 3555; x_wconf 86' lang='lat' dir='ltr'><strong>opto,</strong></span> <span class='ocrx_word' id='word_1_351' title='bbox 231 3486 355 3554; x_wconf 75' lang='lat' dir='ltr'><strong>quisquis</strong></span> <span class='ocrx_word' id='word_1_352' title='bbox 373 3485 408 3538; x_wconf 89' lang='lat' dir='ltr'><strong>ab</strong></span> <span class='ocrx_word' id='word_1_353' title='bbox 422 3489 518 3538; x_wconf 86' lang='lat' dir='ltr'><strong>eueutu</strong></span> <span class='ocrx_word' id='word_1_354' title='bbox 530 3484 607 3550; x_wconf 78' lang='lat' dir='ltr'><strong>suctu</strong></span> <span class='ocrx_word' id='word_1_355' title='bbox 620 3485 745 3538; x_wconf 77' lang='lat' dir='ltr'><strong>uotuuda</strong></span> <span class='ocrx_word' id='word_1_356' title='bbox 754 3485 857 3554; x_wconf 87' lang='lat' dir='ltr'><strong>putat).</strong></span> <span class='ocrx_word' id='word_1_357' title='bbox 890 3481 985 3550; x_wconf 88' lang='lat' dir='ltr'><strong>recepi</strong></span> <span class='ocrx_word' id='word_1_358' title='bbox 998 3479 1086 3549; x_wconf 84' lang='lat' dir='ltr'><strong>igitur</strong></span> 
     </span>
    </p>
   </div>
   <div class='ocr_carea' id='block_1_3' title="bbox 0 0 1200 3870">
    <p class='ocr_par' dir='ltr' id='par_1_12' title="bbox 0 0 1200 3870">
     <span class='ocr_line' id='line_1_48' title="bbox 0 0 1200 3870; baseline 0 0"><span class='ocrx_word' id='word_1_359' title='bbox 0 0 1200 3870; x_wconf 95' lang='lat' dir='ltr'><strong> </strong></span> 
     </span>
    </p>
   </div>
  </div>
 </body>
</html>
