2392 3870
63 154 262 210 CARMINVM
271 153 447 209 MINORVM
457 152 730 221 CORPVEMVM,
746 171 768 208 e.
779 152 991 210 XXIII-XXV.
1011 154 1075 219 227

61 316 157 380 Hunc
179 316 260 380 mihi
283 314 451 402 comungit
474 315 590 379 studiis
614 315 838 379 communibus
861 321 963 403 aetas3
1060 333 1076 381 e

105 404 202 468 Hunc
224 404 304 468 mihi
326 404 496 488 praeponit
518 405 571 468 vel
594 402 718 468 senium
740 404 793 468 vel
816 403 928 468 honos,

63 492 199 556 Carmen
221 515 311 556 amor
333 492 457 579 generi,
481 492 583 556 soceri
605 492 784 557 reverentia
806 492 913 575 poscit

106 579 222 645 Officio
245 581 343 666 vatis,
365 579 479 644 militis
504 580 667 664 obsequie.

126 843 224 909 Forte
246 844 357 909 Venus
380 845 500 909 blando
524 845 706 929 quaesitum
728 844 849 932 frigora
873 867 1022 910 somnum

59 933 191 997 Vitibus
214 934 330 997 intexti
354 934 476 1019 gremio
501 937 698 997 successerat
721 933 807 997 antri

59 1020 230 1105 Densaque
255 1021 395 1086 sidereos
418 1044 476 1105 per
499 1021 647 1107 gramina
669 1021 796 1085 fuderat
819 1026 910 1087 artus

58 1108 205 1173 Adclinis
228 1110 345 1174 florum
369 1110 511 1193 cumulo3
535 1109 694 1192 crispatur
717 1130 817 1193 opaca

57 1197 234 1281 Pampinus
258 1201 290 1261 et
313 1201 421 1260 musto
445 1196 613 1261 sudantem
635 1197 771 1260 ventilat
793 1219 896 1262 uvam.
1058 1214 1075 1262 5

60 1285 124 1349 Ora
148 1285 237 1349 decet
259 1285 407 1371 neglecta
431 1307 541 1369 sopor3
564 1284 690 1348 fastidit
713 1285 866 1349 amictum

60 1372 180 1437 Aestus
205 1377 236 1437 et
260 1377 357 1437 exuto
380 1374 581 1437 translucent
603 1377 733 1455 pectore
756 1373 896 1440 frondes.

60 1460 179 1525 Idaliae
202 1461 293 1525 iuxta
315 1461 454 1525 famulae
477 1461 659 1544 triplexque
682 1460 825 1525 vicissim

58 1549 151 1614 Nexa
174 1550 234 1613 sub
258 1549 383 1635 ingenti
405 1549 578 1633 requiescit
602 1548 714 1613 Gratia
738 1570 865 1632 quercu.

58 1638 195 1702 Pennati
218 1638 339 1721 passim
362 1637 453 1720 pueri
477 1659 541 1720 quo
566 1658 724 1720 quemque
747 1637 874 1702 vocavit
1040 1655 1074 1704 1o

57 1726 182 1789 Vmbra
204 1726 325 1810 iacent3
348 1725 478 1789 fluitant
501 1746 594 1789 arcus
616 1724 779 1808 ramisque
801 1725 993 1808 propinquis

56 1813 237 1878 Pendentes
259 1813 386 1896 placido
410 1813 575 1896 suspirant
597 1812 672 1899 igne
694 1812 872 1897 pharetrae.

56 1902 136 1965 Pars
159 1902 274 1987 vigiles
297 1902 414 1965 ludunt
437 1905 493 1965 aut
515 1923 573 1986 per
595 1901 738 1987 virgulta
760 1905 916 1988 vagantes

60 1989 253 2062 Scrutantur
275 1989 369 2053 nidos
392 1990 500 2053 avium
522 1989 574 2055 vel
595 1990 722 2054 roscida
744 1990 823 2055 laeti

57 2078 145 2141 Mala
168 2079 281 2165 legunt
305 2078 425 2142 donum
447 2077 566 2142 Veneri
588 2079 754 2161 flexusque
778 2082 957 2162 sequmtur
1039 2096 1072 2146 15

56 2166 206 2229 Palmitis
229 2170 262 2229 et
285 2188 426 2230 summas
450 2166 565 2250 pennis
588 2167 749 2231 librantur
770 2166 806 2230 in
827 2168 947 2252 ulmos3

56 2253 242 2318 Defendunt
265 2254 321 2317 alii
343 2254 452 2319 lucum
474 2254 685 2339 Dryadasque
707 2277 859 2339 procaces

58 2341 230 2425 Spectandi
254 2342 385 2426 cupidas
408 2347 441 2407 et
463 2343 585 2408 rustica
606 2343 740 2407 numina
762 2343 889 2427 pellunt

56 2429 290 2515 Silvestresque
314 2431 390 2494 deos
412 2431 573 2517 longeque
595 2430 763 2495 tuentibus
787 2435 916 2494 antrum

54 2517 219 2582 Flammea
241 2518 371 2583 lascivis
393 2519 565 2583 intendunt
589 2517 712 2600 spicula
734 2517 868 2581 Faimis:
1035 2534 1071 2583 ao

56 2605 137 2670 Cum
161 2606 270 2669 subito
292 2605 400 2670 varius
423 2606 529 2670 vicina
552 2605 674 2669 clamor
696 2605 736 2668 ab
759 2605 840 2669 urbe

54 2693 99 2757 Et
122 2694 223 2756 fausti
245 2693 396 2757 iuvenum
419 2692 552 2776 plausus
575 2693 758 2775 mixtaeque
781 2692 906 2757 choreis

56 2779 198 2844 Auditae
220 2802 278 2862 per
300 2803 376 2843 rura
398 2780 496 2863 lyrae.
534 2780 679 2845 Celerina
701 2802 759 2864 per
783 2803 893 2845 omnes

53 2868 169 2933 Italiae
193 2868 319 2932 canitur
342 2872 468 2932 montes
493 2869 660 2952 omnisque
683 2868 836 2933 maritum

53 2957 236 3021 Palladium
259 2956 432 3020 resonabat
455 2979 539 3043 ager.

585 3044 736 3109 Pervenit
760 3044 801 3108 ad
823 3066 917 3109 aures
1033 3062 1067 3111 aa

53 3132 127 3196 Vox
150 3132 288 3196 iucunda
311 3132 387 3196 deae
410 3131 611 3216 strepituque
634 3132 738 3196 excita
761 3133 879 3197 resedit

53 3220 98 3283 Et
122 3220 282 3303 reliquum
304 3220 409 3285 nitido
433 3220 566 3285 detersit
588 3221 705 3304 pollice
729 3243 877 3285 somnum

52 3308 163 3390 thue
186 3309 261 3394 fuit,
284 3309 415 3373 turbata
438 3331 560 3394 comas,
582 3309 703 3373 intecta
725 3310 877 3395 papillas,

127 3505 159 3552 13
178 3500 329 3570 vagantes]
350 3500 484 3555 Heinsius
489 3523 500 3568 ;
518 3501 666 3568 vagantur.

801 3589 855 3642 15*
