2392 3870
140 165 160 229 6
464 164 611 219 CLAVDII
629 163 827 219 CLAVDIANI

137 326 224 392 Ante
247 326 369 390 dabunt
392 326 514 390 hiemes
537 326 659 412 Nilum,
682 350 739 411 per
762 327 896 390 flumina
919 325 1066 391 dammae

137 416 304 480 Errabunt
327 415 494 500 glacieque
516 415 609 500 niger
633 414 838 480 damnabitur
860 413 970 501 Indus,
1105 432 1153 480 170

137 503 224 569 Ante
247 503 417 588 Thyesteis
441 503 559 567 iterum
582 503 757 568 conterrita
779 503 900 568 mensis

137 591 295 657 Intercisa
318 592 386 655 dies
409 592 541 677 refugos
563 596 707 656 vertetur
730 592 765 656 in
788 596 888 678 ortus,

139 681 242 757 Quam
264 680 390 744 Probus
414 703 432 744 a
454 684 568 744 nostro
590 681 696 764 possit
720 681 881 745 discedere
904 680 1027 746 sensu’.

203 769 339 833 Dixerat
362 772 394 832 et
417 768 511 832 velox
534 769 600 832 iam
621 769 756 834 nuntius
782 769 912 833 advolat
934 769 1057 834 urbem.

137 857 311 941 Extemplo
335 861 499 941 strepuere
522 857 613 921 chori
637 858 799 942 collesque
822 858 949 922 canoris
1105 877 1152 923 115

137 945 312 1010 Plausibus
336 945 469 1029 impulsi
493 949 624 1030 septena
647 969 725 1010 voce
748 946 915 1010 resultant.

137 1035 292 1098 Laetatur
314 1034 493 1098 veneranda
516 1057 632 1118 parens
656 1039 688 1099 et
710 1035 829 1119 pollice
852 1034 947 1098 docto

137 1121 207 1186 Iam
229 1127 322 1206 parat
346 1126 474 1186 auratas
497 1123 626 1186 trabeas
650 1124 838 1205 cinctusque
861 1124 1019 1186 micantes

138 1210 292 1296 stamine,
316 1211 403 1295 quod
425 1211 518 1274 molli
541 1210 676 1275 tondent
701 1212 739 1276 de
763 1212 875 1295 stipite
898 1210 991 1275 Seres

136 1299 284 1364 Frondea
306 1300 470 1385 lanigerae
493 1302 660 1383 carpentes
683 1300 803 1364 vellera
828 1300 937 1384 011000,
1103 1318 1152 1366 180

136 1388 182 1454 Et
205 1390 339 1476 longum
362 1392 475 1452 tenues
498 1391 621 1451 tractus
644 1388 794 1471 producit
817 1388 853 1452 in
874 1410 989 1452 aurum

136 1477 272 1562 Filaque
296 1481 446 1542 concreto
469 1476 558 1562 cogit
582 1477 729 1559 squalere
751 1476 896 1541 metallo:

138 1566 250 1642 Qualis
274 1587 451 1650 purpureas
474 1565 649 1649 praebebat
674 1565 809 1629 candida
831 1569 937 1629 vestes

42 1651 46 1663 ’
136 1654 336 1719 Numinibus
359 1654 484 1718 Latona
508 1653 585 1738 suis,
609 1675 682 1717 cum
705 1675 796 1718 sacra
818 1653 959 1718 redirent

137 1740 190 1805 Ad
212 1742 283 1806 loca
306 1742 443 1807 nutricis
467 1742 532 1806 iam
554 1763 621 1805 non
645 1742 786 1806 errantia
809 1742 892 1827 Deli,
1104 1761 1151 1807 ras

137 1829 199 1894 Illa
222 1831 308 1893 feros
332 1830 435 1893 saltus
458 1834 490 1893 et
514 1830 657 1894 desolata
680 1831 866 1913 relinquens

137 1918 286 1982 Maenala
308 1919 430 1982 lassato
455 1919 551 1983 certis
573 1919 745 1983 venatibus
768 1941 853 2004 arcu,

137 2006 289 2072 Phoebus
313 2006 417 2070 adhuc
439 2006 543 2093 nigris
566 2007 711 2071 rorantia
733 2009 799 2072 tela
821 2007 953 2072 venenis

137 2095 294 2161 Extincto
317 2094 466 2178 Pythone
489 2118 618 2182 gerens3
640 2099 719 2160 tunc
741 2096 848 2160 insula
869 2100 966 2160 notos

137 2184 269 2248 Lambit
292 2184 394 2247 amica
416 2186 513 2269 pedes
536 2185 683 2267 ridetque
705 2183 854 2272 Aegaeus
877 2184 1018 2249 alumnis
1103 2203 1151 2250 100

137 2273 257 2337 Lenior
279 2277 311 2337 et
334 2273 453 2337 blando
476 2277 616 2337 testatur
638 2274 757 2359 gaudia
779 2275 888 2337 fluctu.

206 2361 260 2426 Sic
281 2360 389 2425 Proba
411 2362 584 2446 praecipuo
607 2365 702 2426 natos
726 2365 861 2426 exornat
884 2361 1017 2425 amictu:

139 2450 226 2526 Quae
250 2452 379 2515 decorat
402 2450 570 2535 mundum,
594 2450 685 2514 cuius
708 2450 855 2514 Romana
877 2453 1022 2534 potestas

137 2539 272 2604 Fetibus
296 2543 440 2626 augetur.
489 2538 607 2602 Credas
630 2561 669 2602 ex
693 2539 821 2603 aethere
844 2539 969 2623 lapsam

139 2626 231 2691 Stare
253 2626 449 2691 Pudicitiam
471 2628 523 2692 vel
547 2648 638 2690 sacro
661 2631 733 2691 ture
755 2630 902 2691 vocatam
1011 2648 1012 2651 ’
1103 2646 1152 2693 105

138 2714 295 2779 Iunonem
317 2714 459 2779 inachiis
483 2716 594 2780 oculos
618 2716 782 2780 advertere
804 2715 944 2799 templis,

139 2803 251 2868 Talem
273 2803 363 2867 nulla
386 2805 484 2867 refert
507 2803 651 2887 antiquis
673 2804 793 2890 pagina
815 2803 910 2867 libris

137 2891 207 2957 Nec
229 2892 342 2956 Latiae
366 2893 508 2956 cecinere
530 2893 628 2956 tubae
650 2915 709 2956 nec
733 2891 831 2957 Graia
853 2896 1006 2956 vetustas.

140 2980 285 3066 Coniuge
309 2980 406 3066 digna
427 2979 550 3066 Prob03
572 3003 648 3045 narn
670 2984 798 3045 tantum
822 2980 967 3044 coetibus
991 2985 1081 3046 extat

137 3068 309 3154 FemineiS‚
332 3073 489 3151 quantum
513 3070 728 3153 supereminet
751 3069 807 3132 ille
829 3069 973 3133 maritos.
1103 3088 1153 3136 000

140 3156 206 3222 Ceu
230 3157 294 3221 sibi
318 3161 487 3242 certantes,
510 3180 605 3222 sexus
630 3157 709 3240 quid
729 3158 835 3241 possit
857 3161 1002 3243 uterque,

138 3245 235 3311 Hunc
257 3246 364 3331 legere
387 3250 503 3310 torum.
549 3245 667 3310 Taceat
689 3245 829 3310 Nereida
851 3249 986 3330 nuptam

212 3463 263 3512 198
292 3455 389 3527 Graia]
419 3456 568 3523 Heinsius·
590 3458 682 3526 grata,
702 3472 812 3524 graeca.
914 3456 1070 3530 nmquid]
1092 3457 1155 3514 oza-

138 3528 244 3597 00100·
263 3526 321 3596 001.
426 3532 477 3581 202
497 3529 603 3598 torum]
624 3527 765 3584 Cluverius
769 3549 780 3596 ;
799 3526 836 3580 ad
854 3527 961 3582 herum.
