2392 3870
60 168 196 239 (XXXV.)
211 167 259 220 DE
270 167 394 220 RAPTV
402 166 658 221 PROSERPINAE
674 167 784 221 LIBER
794 167 991 224 SECVNDVS.
1013 168 1079 232 275

59 331 105 394 Et
129 329 251 393 nostris
276 329 408 413 cupiant
432 328 540 393 ornari
562 329 696 392 numina
720 329 835 394 sertis?

126 418 279 504 Dixerat3
302 418 357 481 ille
380 439 465 481 novo
489 417 690 482 madidantes
713 422 843 482 nectare
864 441 988 503 pennas

60 507 212 571 Concutit
236 512 268 570 et
291 506 423 592 glaebas
447 507 584 571 fecundo
608 529 681 570 rore
703 507 849 593 maritat,

59 595 192 678 Quaque
215 595 304 659 volat
326 618 444 660 vernus
466 596 614 679 sequitur
636 596 749 682 rubor3
773 595 878 660 omnis
901 595 936 660 in
958 597 1076 661 herbas

58 685 180 771 Turget
203 683 321 748 humus
344 684 513 768 medioque
536 689 649 769 patent
673 707 815 750 convexa
839 708 959 751 serene.
1041 703 1075 752 91

58 773 243 860 Sanguineo
268 773 438 857 splendore
461 795 566 859 rosas,
589 774 733 838 vaccinia
755 774 850 860 nigro

56 861 180 926 lmbuit
204 866 236 926 et
260 862 346 926 dulci
368 862 473 926 violas
496 863 660 948 ferrugine
682 863 799 949 pingit.

56 952 210 1016 Parthica
233 973 315 1034 quae
337 951 440 1015 tantis
463 952 630 1015 variantur
653 951 784 1037 cingula
806 953 943 1038 gemmis

57 1041 196 1127 Regales
220 1041 370 1104 vinctura
394 1039 507 1103 sinus?
532 1061 613 1122 quae
636 1040 756 1103 vellera
778 1044 907 1104 tantum
1042 1058 1075 1108 91

57 1129 192 1193 Ditibus
214 1127 345 1212 Assyrii
369 1129 493 1211 spumis
516 1127 668 1191 fucantur
691 1128 786 1192 aeni?

56 1217 135 1282 Non
157 1217 240 1280 tales
264 1217 395 1280 volucer
417 1216 532 1300 pandit
554 1214 711 1280 Iunonius
735 1216 818 1302 alas,

56 1305 126 1370 Nec
151 1305 198 1368 sic
220 1305 406 1368 innumeros
430 1326 507 1368 arcu
529 1308 676 1368 mutante
700 1306 824 1369 colores

56 1394 219 1477 Incipiens
242 1392 411 1457 redimitur
433 1393 551 1480 hiems,
575 1415 649 1475 cum
670 1394 800 1457 tramite
823 1394 907 1457 flexo

56 1482 179 1547 Semita
203 1482 350 1546 discretis
373 1482 408 1545 in
424 1482 541 1547 erviret
563 1483 673 1546 umida
694 1482 824 1546 nimbis.
1025 1500 1076 1549 100

122 1570 241 1635 Forma
263 1571 328 1635 loci
351 1575 482 1655 superat
504 1572 615 1635 flores:
639 1575 771 1635 curvata
794 1575 921 1635 tumore

56 1660 161 1724 Parvo
184 1660 337 1744 planities
361 1664 393 1723 et
416 1659 572 1723 mollibus
595 1659 681 1723 edita
705 1660 798 1724 olivis

59 1748 210 1813 Creverat
233 1749 269 1812 in
292 1749 421 1834 collem3
444 1749 518 1813 vivo
542 1749 580 1812 de
603 1748 730 1833 pumice
753 1749 860 1813 fontes

54 1837 196 1901 Roscida
218 1837 396 1901 mobilibus
418 1837 607 1901 lambebant
630 1837 778 1923 gramina
801 1837 895 1923 rivis,

57 1925 209 2009 Silvaque
233 1930 394 1989 torrentes
418 1948 582 1990 ramorum
604 1926 726 2013 frigore
750 1927 835 1990 soles
1023 1944 1073 1993 105

56 2016 227 2098 Temperat
251 2020 283 2078 ct
306 2014 411 2078 medio
435 2015 584 2079 brumam
607 2015 671 2079 sibi
693 2015 837 2080 vindicat
860 2017 967 2080 aestu:

56 2103 144 2187 Apta
167 2102 260 2167 fretis
284 2103 387 2189 abies,
410 2104 507 2168 bellis
531 2104 737 2169 accommoda
761 2126 891 2190 11111111,

57 2192 200 2268 Quercus
224 2193 327 2256 amica
350 2191 434 2279 Iovi,
457 2193 602 2257 tumulos
624 2197 750 2258 tectura
774 2215 958 2279 cupressus,

55 2280 124 2345 llex
147 2282 242 2365 plena
265 2281 363 2367 favis,
385 2282 514 2346 venturi
536 2283 681 2367 praescia
704 2283 829 2368 laurus3

54 2369 208 2434 Fluctuat
231 2370 285 2434 hic
309 2371 407 2435 denso
432 2371 572 2455 crispata
596 2371 761 2435 cacumine
783 2370 904 2454 buxus,
1023 2389 1074 2436 110

55 2459 119 2523 Η11
141 2459 278 2523 hederae
301 2464 448 2544 serpunt,
471 2460 525 2523 hic
547 2459 721 2542 pampinus
744 2458 850 2521 induit
873 2458 988 2522 ulmos.

54 2547 152 2611 Haud
174 2548 288 2631 procul
309 2548 384 2611 inde
407 2548 497 2610 lacus
521 2545 677 2633 (Pergam
699 2546 808 2610 dixere
832 2543 955 2632 Sicani)

54 2635 214 2699 Panditur
237 2639 269 2698 et
291 2657 460 2698 nemorum
482 2635 637 2699 frondoso
660 2635 806 2720 margine
829 2634 954 2698 cinctus

55 2724 183 2788 Vicinis
206 2723 355 2807 pallescit
379 2722 484 2805 aquis:
509 2722 653 2788 admittit
675 2723 711 2787 in
733 2725 836 2786 altum

18 2854 21 2862 -
57 2812 232 2876 Cernentes
256 2812 368 2875 oculos
391 2815 423 2875 et
446 2811 512 2876 late
534 2811 664 2896 pervius
687 2834 781 2876 umor
1019 2829 1070 2878 115

54 2900 154 2964 Ducit
176 2900 352 2964 inoffensos
375 2899 501 2983 liquido
525 2901 585 2964 sub
609 2900 741 2965 flumine
764 2901 855 2965 visus

54 2988 187 3072 Imaque
209 2988 372 3073 perspicui
393 2988 502 3073 prodit
526 2993 649 3054 secreta
670 2989 832 3073 profimdi.

56 3079 143 3163 [Huc
166 3079 276 3162 elapsa
300 3077 416 3142 cohors
439 3078 558 3164 gaudet
580 3102 638 3163 per
660 3079 776 3143 florida
799 3077 897 3163 rura]

121 3167 282 3231 Hortatur
306 3166 478 3252 Cytherea:
502 3168 622 3254 legant.
660 3166 767 3232 ‘Nunc
789 3167 848 3254 ite,
873 3189 1014 3253 1110111,

55 3256 143 3320 Dum
164 3256 335 3321 matutinis
357 3256 531 3340 praesudat
554 3256 678 3320 solibus
702 3279 769 3343 aer,
1021 3273 1072 3321 110

55 3345 142 3409 Dum
164 3367 255 3410 meus
277 3349 419 3410 umectat
441 3347 596 3410 flaventes
618 3345 748 3409 Lucifer
770 3367 867 3432 agros
1081 3347 1085 3356 ‘

54 3433 194 3497 Roranti
215 3439 404 3518 praevectus
428 3436 532 3518 equo?
570 3433 623 3499 Sic
645 3435 713 3498 fata
737 3434 858 3499 doloris

58 3521 169 3608 Carpit
193 3521 286 3609 signa
309 3523 369 3591 sui.
405 3522 523 3589 Varios
546 3527 617 3588 tum
639 3527 745 3588 cetera
768 3524 871 3588 saltus

808 3625 865 3680 hb*
