2392 3870
77 155 173 227 (XXI.)
188 154 237 208 DE
253 152 992 236 0011011111γο1111οΗ011101110111111Μο.
1026 159 1092 226 145

75 317 222 382 Arabant
245 317 346 380 tantis
370 316 457 399 epoti
479 316 612 380 milibus
636 339 754 381 amnes.

74 405 242 490 Illyricum
264 410 402 488 peteres:
426 405 530 489 campi
554 409 744 489 montesque
767 405 921 473 latebant.

74 494 240 559 Vexillum
261 494 374 558 navale
397 494 502 558 dares:
526 494 586 558 sub
609 494 774 578 puppibus
797 494 866 560 ibat

74 581 210 646 Ionium.
246 581 383 647 Nullum
407 583 569 656 succincta
593 581 750 646 Ceraunia
771 583 892 648 nimbis

74 671 144 737 Nec
166 671 243 757 iuga
263 671 422 735 Leucatae
445 671 562 736 feriens
586 671 769 754 spumantia
792 672 893 737 fluctu
1038 687 1090 741 176

74 759 265 824 Deterrebat
289 760 400 823 hiems.
437 759 487 824 Tu
511 760 539 823 si
561 759 697 846 glaciale
719 759 847 825 iuberes

73 847 244 934 Vestigare
267 849 396 934 fretum,
420 870 531 913 securo
554 848 658 913 milite
682 848 769 912 ducti

73 936 197 1023 Stagna
219 937 416 1002 reluctantes
440 941 609 1020 quaterent
633 935 784 1002 Saturnia
806 937 900 1023 remi3

74 1024 109 1090 si
132 1026 257 1090 deserta
280 1025 370 1109 Nou,
393 1025 518 1090 fontem
541 1025 569 1088 si
593 1046 744 1108 quaerere
766 1024 845 1109 Nili,

73 1114 272 1198 Aethiopum
294 1114 416 1178 medios
439 1117 661 1197 penetrassent
683 1114 755 1179 vela
777 1136 921 1199 vapores.
1038 1131 1089 1182 180

140 1202 185 1266 Te
208 1224 331 1267 memor
352 1202 505 1287 Eurotas,
526 1207 559 1266 te
582 1202 703 1266 rustica
725 1201 819 1266 Musa
841 1203 968 1288 Lycaei,

72 1291 118 1354 Te
141 1291 298 1375 pastorali
320 1291 527 1355 modulantur
549 1290 697 1355 Maenala
720 1295 816 1355 cantu

73 1379 347 1463 Partheniumque
369 1401 492 1465 nemus,
516 1379 602 1463 quod
624 1383 657 1443 te
679 1383 845 1464 pugnante
868 1401 1040 1466 resurgens

73 1467 181 1554 Aegra
205 1472 301 1551 caput
324 1468 446 1553 mediis
461 1469 562 1533 erexit
585 1467 718 1532 Graecia
741 1468 887 1532 flammis.

73 1556 217 1620 Plurima
240 1556 431 1621 Parrhasius
454 1562 533 1622 tunc
555 1557 640 1622 inter
663 1578 798 1640 corpora
820 1557 933 1621 Ladon
1037 1573 1088 1624 180

72 1645 187 1709 Haesit
211 1650 242 1709 et
265 1644 412 1729 Alpheus
436 1645 557 1711 Geticis
580 1650 738 1732 angustus
762 1645 883 1709 acervis

73 1733 209 1798 Tardior
231 1734 272 1797 ad
295 1733 421 1799 Siculos
444 1736 628 1799 etiamnunc
650 1734 757 1820 pergit
781 1755 914 1798 amores.

140 1821 297 1909 Miramur
319 1823 440 1906 rapidis
462 1824 590 1887 hostem
613 1823 819 1887 succumbere
842 1823 946 1907 belna,

74 1909 156 1974 Cum
179 1910 250 1974 solo
273 1915 396 1975 terrore
418 1912 536 1976 ruant?
572 1911 649 1977 Non
673 1911 806 1975 classica
829 1910 962 1976 Francis

71 1997 259 2063 Intulimus:
282 2000 407 2063 iacuere
430 2003 546 2065 tamen.
582 1999 663 2065 Non·
681 1999 786 2065 Marte
809 1999 933 2065 Suebos
1035 2017 1085 2067 100

75 2087 296 2173 Contudimus,
320 2088 392 2172 quis
414 2088 485 2153 iura
509 2089 629 2153 damus.
664 2088 743 2167 Quis
767 2089 893 2154 credere
915 2089 1043 2174 possit?

72 2174 159 2239 Ante
182 2176 294 2240 tubam
316 2177 412 2241 nobis
436 2178 540 2242 audax
563 2177 734 2242 Germania
758 2178 865 2242 servit.

73 2264 205 2350 Cedant,
227 2265 341 2351 Druse,
363 2266 421 2351 tui,
444 2267 567 2353 cedant,
590 2265 735 2351 Traiane,
757 2266 897 2330 labores:

71 2352 189 2416 Vestra
212 2376 326 2418 manus
350 2355 447 2420 dubio
472 2355 628 2439 quidquid
650 2354 832 2419 discrimine
855 2354 966 2438 gessit,

72 2440 307 2506 Transcurrens
331 2445 398 2529 egit
422 2443 558 2510 Stilicho
581 2442 780 2524 totidemque
805 2441 916 2506 diebus
1036 2457 1087 2506 195

71 2529 226 2594 Edomuit
249 2531 409 2616 Rhenum,
433 2536 512 2615 quot
534 2554 593 2595 vos
615 2530 769 2615 potuistis
792 2530 828 2592 in
850 2528 956 2613 annis3

73 2618 176 2695 Quem
198 2619 297 2682 ferro:
321 2619 494 2704 adloquiis3
518 2641 613 2702 quem
635 2640 694 2682 vos
718 2619 793 2681 cum'
813 2616 929 2680 milite:
953 2616 1051 2682 solus.

70 2706 214 2792 Impiger
237 2727 255 2768 a
278 2707 382 2789 primo
407 2706 599 2771 descendens
622 2706 765 2770 fluminis
789 2709 863 2769 ortu

71 2794 124 2859 Ad
147 2795 264 2858 bifidos
288 2798 411 2858 tractus
435 2799 466 2858 et
489 2795 598 2859 iuncta
620 2794 793 2878 paludibus
817 2815 873 2857 ora

71 2883 277 2947 Fulmineum
298 2883 488 2967 perstrinxit
509 2884 585 2970 iter3
610 2883 700 2948 ducis
723 2883 862 2967 impetus
884 2881 987 2947 undas
1033 2899 1085 2949 100
1136 2892 1138 2896 ’

71 2971 231 3036 Vincebat
255 2973 382 3057 celeres,
405 2976 437 3036 et
459 2995 524 3057 pax
547 2995 565 3036 a
588 2973 678 3038 fonte
700 2971 845 3056 profecta

73 3059 155 3124 Cum
177 3061 283 3125 Rheni
306 3061 469 3126 crescebat
492 3062 593 3145 aquis.
630 3059 779 3148 Ingentia
802 3059 964 3142 quondam

71 3147 223 3234 Nomina,
246 3151 403 3236 crinigero
427 3151 581 3216 flaventes
603 3151 722 3215 vertice
745 3150 846 3236 reges,

72 3237 135 3314 Qui
157 3260 216 3302 nec
238 3239 438 3323 principibus
461 3239 553 3304 donis
576 3240 789 3324 precibusque
811 3237 915 3302 vocat‘

71 3326 260 3412 Paruerant,
282 3329 362 3392 iussi
384 3333 559 3413 properant
583 3329 737 3414 segnique
759 3330 910 3391 verentur
1034 3342 1087 3391 205

72 3413 251 3479 Offendisse
274 3439 377 3502 mora3
400 3418 576 3483 transvecti
598 3416 762 3501 lyntribus
786 3436 912 3479 amnem

72 3501 250 3567 Occursant
272 3505 466 3590 ubicumque
489 3507 576 3570 velit.
612 3505 682 3571 Nec
704 3505 791 3569 fama
813 3503 930 3567 fefellit

127 3616 267 3659 curvamur
281 3618 399 3672 Oraqed.
413 3621 499 3662 Koch.
764 3592 777 3619 ⁸
841 3611 878 3660 ‘lli
