2392 3870
87 179 208 250 (XXIII.)
228 178 277 231 DE
291 178 392 258 CONS.
409 176 559 233 STILICH.
573 176 684 231 LIBER
698 176 863 232 TERTIVS.
879 176 1008 232 PRAEF.
1038 175 1102 240 165

86 340 141 404 Illi
164 343 239 423 post
262 339 362 403 lituos
385 339 508 423 pedites
532 338 638 403 favere
662 340 789 403 canenti

130 428 352 511 Laudavitque
374 449 459 491 nova
483 427 576 491 caede
601 431 752 492 cruentus
776 449 881 510 eques.

88 517 232 600 Cumque
255 516 469 600 triumpharet
492 516 621 602 gemina
645 515 840 602 Carthagine
862 517 949 580 victa
1068 531 1100 580 15

133 606 241 694 (Hanc
262 605 379 669 vindex
401 605 487 689 patri
509 604 643 691 vicerat,
665 605 749 669 hanc
771 602 923 691 patriae),

89 696 168 761 Cum
187 695 277 780 longi
299 694 437 778 Libyam
459 694 589 757 tandem
611 697 687 778 post
709 694 823 757 funera
845 693 923 756 belli

130 784 216 848 Ante
240 805 315 846 suas
337 785 494 846 maestam
517 785 645 868 cogeret
668 783 714 846 ire
737 786 839 846 rotas:

85 872 225 937 Advenit
248 871 380 935 reduces
404 892 512 935 secum
533 870 681 935 Victoria
703 870 814 934 Musas

129 961 174 1024 Et
198 963 320 1024 sertum
342 960 410 1023 vati
433 958 552 1024 Martia
574 960 685 1024 laurus
709 963 785 1024 erat.

84 1138 206 1203 Noster
230 1136 393 1220 Scipiades
418 1135 569 1220 Stilicho,
592 1158 656 1219 quo
680 1136 819 1200 concidit
842 1136 924 1200 alter

129 1225 296 1289 Hannibal
319 1225 453 1306 antiquo
477 1225 602 1288 saevior
624 1224 820 1310 Hannibale,

87 1314 132 1378 Te
154 1313 236 1377 mihi
258 1317 334 1396 post
358 1313 490 1395 quintos
514 1335 685 1398 annorum,
706 1313 825 1398 Roma,
848 1334 996 1377 recursus

129 1401 282 1466 Reddidit
305 1404 337 1464 et
359 1401 445 1465 votis
468 1401 564 1465 iussit
588 1402 697 1465 adesse
721 1402 796 1466 suis.

429 1705 695 1766 1111111111
727 1707 755 1766 1.

534 1821 653 1890 (xxiv.)

86 1931 188 2007 Quem
210 1930 323 2014 populi
346 1931 476 2016 plausu,
498 1952 667 2014 procerum
690 1954 785 2015 quem
808 1954 885 1996 voce
907 1933 1055 2019 petebas,

85 2019 238 2104 Adspice,
260 2019 378 2105 Roma,
401 2019 514 2083 virum.
551 2016 621 2083 Iam
643 2023 789 2105 tempora
813 2022 920 2086 desine
943 2022 1060 2108 longae

84 2109 296 2172 Dinumerare
318 2108 389 2171 11111
412 2108 545 2190 visoque
570 2107 741 2196 adsurgere
765 2132 889 2195 semper

84 2196 233 2260 Pulvere:
256 2218 323 2260 non
346 2196 452 2260 dubiis
475 2197 562 2261 ultra
584 2199 775 2281 torquebere
798 2199 892 2264 votis.

84 2285 187 2348 Totus
211 2285 300 2349 adest
324 2286 439 2371 oculis,
463 2285 573 2350 aderat
596 2286 652 2369 qui
674 2287 837 2351 mentibus
862 2288 952 2373 olim,
1080 2303 1096 2352 ὁ

85 2373 147 2456 Spe
170 2374 287 2459 maior,
309 2374 395 2438 fama
417 2375 540 2439 melior.
576 2373 737 2439 Venerare
761 2376 917 2459 curulem,

85 2460 172 2538 Quae
195 2462 257 2526 tibi
280 2464 423 2527 restituit
446 2463 563 2549 fasces,
587 2464 798 2546 complectere
822 2462 980 2547 dextram,

85 2549 152 2614 Sub
175 2551 253 2636 iuga
276 2572 357 2632 quae
379 2551 506 2614 Poenos
528 2551 647 2614 iterum
669 2551 815 2614 Romana
838 2549 969 2635 redegit.

83 2639 206 2721 Excipe
229 2638 471 2722 magnanimum
494 2642 620 2722 pectuS,
643 2659 707 2720 quo
731 2637 822 2702 frena
844 2641 1002 2724 regumtur

82 2725 228 2810 Imperii,
252 2725 342 2789 cuius
364 2725 503 2788 libratur
526 2725 674 2789 sensibus
698 2726 795 2790 orbis.
1062 2745 1096 2794 10

82 2814 126 2879 Os
151 2836 290 2898 sacrum,
314 2812 401 2897 quod
423 2813 458 2876 in
480 2835 551 2877 aere
575 2814 668 2899 colis,
690 2814 818 2878 miraris
841 2816 876 2879 in
898 2837 991 2902 auro,

82 2902 182 2967 Cerne
205 2903 326 2967 libens:
349 2901 403 2965 hic
426 2904 475 2965 111
498 2902 576 2966 felix
599 2903 739 2967 bellator
760 2904 894 2990 ubique,

80 2991 240 3055 Defensor
261 2991 397 3076 Libyae,
419 2990 526 3055 Rheni
548 2996 682 3075 pacator
705 2995 736 3056 11
759 2991 873 3057 Histri.

148 3078 318 3144 Ostentare
342 3101 418 3143 suos
441 3080 548 3163 prisco
572 3081 600 3144 si
622 3103 711 3145 more
734 3080 862 3145 labores

79 3168 124 3231 Et
147 3172 260 3254 gentes
283 3173 413 3253 cuperet
435 3169 535 3255 vulgo
558 3174 738 3234 monstrare
762 3170 926 3257 subactas,
1060 3187 1093 3236 15

81 3255 265 3321 Certassent
288 3262 426 3340 utroque
449 3280 542 3341 pares
566 3281 584 3321 a
608 3258 735 3322 cardine
757 3258 881 3323 laurus:

78 3344 167 3408 Haec
190 3344 445 3410 Alamannorum
468 3346 595 3431 spoliis,
617 3345 826 3411 Australibus
848 3347 906 3411 illa

79 3432 187 3496 Ditior
211 3433 347 3520 exuviis3
369 3434 460 3497 illinc
482 3436 619 3499 flavente
643 3434 815 3522 Sygambri

80 3520 240 3608 Caesarie,
262 3522 365 3609 nigris
387 3522 463 3587 hinc
485 3524 593 3588 Mauri
616 3524 758 3589 crinibus
780 3525 873 3588 irent.
