2438 3878
322 159 610 216 ADNOTATIONES
630 159 803 217 CRITICAX.
974 161 1073 217 XLVII

55 325 109 376 586
129 320 305 391 rescr'ssapae]
326 320 361 374 ef.
382 320 417 374 de
437 319 518 375 codd.
538 319 629 375 Ouiae.
649 337 676 388 p.
692 323 734 376 58.

54 397 108 446 599
128 394 158 446 et
176 397 237 446 600.
269 391 300 444 in
317 391 380 445 loco
400 389 568 445 difficillimo
587 389 708 443 Bittium
732 389 812 458 sequi
834 389 927 445 minus
950 408 1075 462 possum,

129 462 178 531 qui
196 464 331 530 fundator
349 464 467 532 orr'piais
485 460 631 515 coniunxit
655 463 684 514 et
702 461 857 530 separavit;
885 462 955 516 haec
979 465 1073 517 autem

127 532 289 602 tautologia
314 532 518 587 molestissima
543 533 595 586 est.
637 533 783 600 praeterea
810 539 944 602 quautam
971 535 1076 590 dederit

128 603 199 657 mihi
218 603 332 671 quidem
351 620 406 658 non
426 602 579 670 sufficeret3
607 601 815 656 desideraretur
834 604 907 657 enim
926 605 1073 673 genetivus

128 692 162 729 ex
180 681 314 744 pacatam
333 675 467 743 pendens.
504 674 601 741 itaque
625 673 693 726 clim
716 674 892 743 temptabam
915 693 998 745 quam
1020 678 1075 731 oter

127 761 178 815 pro
198 752 340 815 quantam,
359 745 434 813 quod
451 747 548 798 tamen
563 761 611 798 cur
624 743 742 797 reiciam
756 745 948 813 unusquisque
963 746 1074 800 sentiet.

130 816 251 884 denique
276 832 367 884 paene
389 815 532 884 persuasit
553 814 626 868 mihi
649 813 788 869 Gesnerus
811 832 876 871 cuae
899 819 1016 888 eripieris
1039 817 1075 870 ad
1150 840 1156 850 ·

128 894 261 957 quamam
278 885 321 940 ita
339 888 467 954 trahens,
491 886 722 954 utintellegeret
744 889 886 957 reperiam
909 887 968 942 sive
991 894 1074 943 uatu-

127 975 196 1013 rum.
239 957 387 1011 fatendum
414 973 480 1011 vero
508 959 552 1010 est
579 957 652 1010 hanc
680 956 758 1010 vocis
786 960 902 1029 ore'piar's
929 958 1075 1012 notionem

128 1028 243 1082 aliunde
265 1045 310 1082 me
334 1027 446 1081 firmare
473 1044 531 1081 non
552 1044 643 1097 posse.
684 1027 719 1081 de
744 1030 885 1083 structura
906 1029 986 1084 verbi
1009 1031 1075 1085 dare

129 1099 164 1154 cf.
184 1117 206 1154 e.
221 1116 257 1152 m.
272 1098 350 1152 XVII
365 1105 408 1152 43.
852 1119 854 1123 ⁴

55 1176 110 1225 634
127 1172 221 1295 XLII
234 1172 266 1223 ia
280 1170 374 1240 aruis]
390 1169 454 1224 vide
467 1167 611 1238 Philologi
624 1172 693 1227 torn.
709 1169 795 1223 XLIX
808 1189 836 1240 p.
852 1175 911 1225 747.
938 1170 972 1226 of.
988 1173 1075 1226 etiam

413 1328 563 1394 Carmina
585 1329 721 1396 Minora.

351 1450 584 1520 Conspectus
605 1452 783 1505 notarum.

62 1540 100 1594 G:
120 1540 181 1595 cod.
201 1538 393 1609 sangallensis
412 1557 438 1593 n.
453 1543 519 1608 429,
545 1539 661 1594 membr.
686 1555 757 1593 saec.
772 1538 823 1606 IX,
851 1555 908 1592 non
931 1539 1075 1609 pertinens

119 1611 174 1664 nisi
193 1611 230 1664 ad
250 1610 522 1680 Gigantomachiam.

61 1683 99 1735 R:
120 1682 181 1736 cod.
200 1681 370 1735 Veronensis
391 1686 450 1750 163,
469 1680 586 1734 membr.
606 1697 678 1734 saec.
693 1679 739 1734 IX.

60 1753 99 1805 E:
119 1753 181 1807 cod.
200 1752 343 1807 Medioeus
361 1752 432 1820 plut.
448 1758 481 1806 33
501 1751 563 1806 cod.
579 1758 603 1820 9,
624 1755 745 1805 chartae.
766 1767 838 1805 saec.
853 1750 913 1806 XV.

71 1842 97 1876 s:
119 1826 252 1904 excerpta
270 1822 425 1892 Gyraldina
442 1822 472 1875 in
490 1821 617 1891 margine
637 1820 758 1876 Aldinae
778 1823 945 1891 exemplaris
963 1822 1075 1892 Lugdu·
1098 1841 1102 1848 ·

54 1965 97 2018 V:
118 1892 397 2019 pggszrteigaffupn·
413 1968 492 2032 2809,
510 1963 625 2019 membr.
646 1980 718 2017 saec.
733 1963 793 2017 XII.

59 2037 96 2090 P:
118 2036 179 2090 cod.
198 2036 342 2089 Parisinus
361 2035 411 2090 lat.
429 2038 470 2102 18,
484 2040 546 2103 552,
564 2035 680 2089 membr.
700 2050 772 2087 saec.
787 2034 861 2089 XIII.

64 2107 82 2162 J
88 2132 94 2164 :
115 2106 177 2161 cod.
212 2104 452 2174 Cantabrigiensis
484 2105 548 2159 coll.
578 2104 740 2174 TrinItatis‚
774 2104 810 2173 Ο,
830 2113 860 2174 3,
880 2110 927 2174 22,
960 2105 1076 2160 membr.

56 2248 96 2303 A:
117 2177 401 2303 dddddlnlrldrosianus
421 2246 446 2301 S.
463 2251 497 2300 66
512 2263 582 2315 sup,
600 2246 716 2302 membr.
736 2263 807 2300 saec.
823 2245 882 2301 XV.

56 2320 98 2374 M:
119 2319 186 2400 cod.⁸
201 2316 403 2399 Imbrosianus
422 2316 480 2372 Μ9
497 2334 570 2384 sup„
589 2317 704 2371 membr.
725 2333 796 2373 saec.
812 2316 961 2388 xllsxm,
985 2317 1076 2370 rarius

67 2463 98 2516 5:
119 2389 413 2514 dddildddudeteriores.

100 2585 114 2638 I
166 2583 381 2652 Inscriptionem
399 2582 447 2637 Ad
465 2581 639 2637 Stilichonem
657 2598 691 2636 ex
709 2581 732 2634 Ε
751 2580 872 2636 restitui.

71 2655 143 2711 vla
164 2656 240 2708 recte
259 2653 364 2708 Birtius
387 2652 532 2708 coniuant
550 2670 604 2722 pro
628 2655 739 2722 cuspide
760 2654 830 2720 ferri
853 2659 952 2707 cancta
974 2654 1077 2707 volout.

162 2727 255 2781 colare
273 2725 348 2795 enim
365 2724 448 2779 unios
467 2725 587 2792 quadrat
605 2723 642 2776 ad
661 2722 820 2792 cuspidem,
840 2726 869 2778 et
887 2722 998 2777 tollitur
1015 2723 1076 2775 uni-

163 2795 306 2865 formitas,
329 2812 386 2864 qua
404 2795 533 2865 singulae
553 2793 711 2848 sententiae
735 2793 861 2863 singulos
880 2811 978 2848 versus
1002 2811 1076 2848 oom-

56 2938 110 2994 VII
162 2866 369 3018 dffbdildisions
396 2935 478 2990 huius
506 2934 638 2990 carminis
666 2935 701 2989 cf.
724 2934 808 2988 Birtii
834 2935 922 3004 praef.
946 2953 973 3004 p.
993 2935 1077 2990 LXII.

164 3009 310 3062 debursset
331 3008 380 3062 ille
403 3007 447 3060 vir
474 3007 572 3062 doctus
602 3006 721 3060 alteram
743 3008 854 3076 partem
877 3022 992 3060 numero
1011 3006 1077 3059 VIII

164 3080 277 3147 signare
296 3095 385 3146 eaque
403 3077 514 3132 ratione
532 3077 755 3131 numerationem
782 3077 937 3131 carminum
961 3093 1077 3144 sequen-

163 3149 236 3202 tium
254 3152 371 3203 mutare.
405 3148 481 3218 quod
503 3166 577 3201 nuno
595 3164 630 3201 ne
649 3164 702 3217 ego
722 3148 836 3217 quidem
859 3147 927 3216 feei,
950 3163 986 3201 ne
1009 3147 1077 3200 novi

164 3219 274 3274 numeri
292 3219 445 3274 lectoribus
464 3218 637 3273 offerrentur.

128 3299 144 3346 9
169 3291 313 3362 Unanimi]
333 3307 395 3344 cum
415 3289 468 3343 ΕΑ
485 3288 580 3358 refeci,
600 3306 656 3357 qua
674 3289 709 3343 de
723 3306 753 3343 re
772 3290 807 3346 of.
823 3305 895 3358 quae
910 3286 1026 3356 exposui
1041 3287 1079 3340 ad

57 3434 98 3488 IX
112 3439 147 3488 29
164 3362 370 3503 {meldim
388 3431 527 3500 meliores,
546 3432 622 3500 quod
639 3449 697 3486 non
715 3431 827 3485 sufficit.

112 3511 146 3561 99
165 3504 454 3575 sarracenerum]
474 3502 508 3556 of.
526 3519 627 3572 paneg.
648 3502 729 3557 Prob.
748 3520 773 3556 v.
790 3508 832 3557 17.
