2392 3870
192 123 272 194 (nv.)
293 123 341 176 na
361 121 477 176 61116
497 73 693 178 canonico
713 122 983 178 insanamve
1051 123 1094 187 39

147 285 198 351 ‘si
221 306 292 349 mea
314 285 475 349 mansuris
498 287 683 350 meruenmt
706 284 832 348 moenia
854 285 953 370 nasci,

80 374 235 459 Iuppiter,
259 374 413 460 auguriis,
437 374 465 437 si
489 378 576 438 stant
599 373 723 437 inmota
746 372 889 457 Sibyllae

81 462 240 547 Carmina,
263 462 416 545 Tarpeias
441 462 468 525 61
490 462 627 526 necdum
649 461 775 546 respuis
798 483 900 526 arces:
1059 479 1094 528 30

79 550 226 616 Advenio
250 551 395 636 supplex,
418 573 486 615 non
507 554 544 614 ut
566 550 732 633 proculcet
754 548 885 614 Araxen

81 639 203 704 Consul
226 662 325 703 ovans
348 644 518 703 nostraeve
541 642 688 722 premant
711 639 898 723 pharetrata
922 661 1049 704 secures

80 727 171 813 Susa,
193 750 252 792 nec
274 732 311 792 ut
334 727 456 792 Rubris
480 727 605 810 aquilas
628 729 766 813 figamus
789 727 927 792 harenis,

80 816 168 880 Haec
190 816 295 901 nobis,
317 816 397 880 haec
421 820 495 880 ante
519 816 630 900 dabas3
652 836 739 880 nunc
761 816 881 899 pabula
903 821 1050 882 tantum*

78 904 182 969 Roma
204 926 326 988 precor.
363 905 516 968 Miserere
534 908 618 990 tuae,
640 907 733 987 pater
752 904 881 990 optime,
900 905 1017 992 gentis,
1058 922 1092 972 36

79 993 267 1056 Extremam
291 993 423 1056 defende
446 994 572 1057 famem.
619 991 814 1057 Satiavimus
837 993 919 1057 iram

79 1080 114 1144 Si
138 1104 200 1164 qua
224 1081 300 1165 fiiit3
323 1081 463 1167 lugenda
487 1080 578 1145 Getis
601 1084 632 1144 61
655 1080 760 1144 flenda
784 1080 900 1146 Suebis

77 1169 269 1254 Hausimus3
292 1169 363 1252 ipsa
385 1191 474 1233 meos
498 1169 644 1233 horreret
666 1168 801 1232 Parthia
824 1191 926 1235 casus.

80 1255 163 1332 Quid
186 1259 323 1321 referam
345 1258 491 1322 morbive
513 1258 600 1321 luem
622 1258 805 1321 tumulosve
828 1258 969 1341 repletos

79 1345 251 1432 Stragibus
274 1350 306 1410 et
330 1346 458 1410 crebras
482 1350 633 1429 corrupto
658 1345 760 1409 sidere
782 1347 926 1410 mortes?
1057 1365 1092 1415 4ο

77 1433 146 1497 Aut
168 1434 302 1499 fluvium
324 1456 382 1517 per
403 1439 489 1498 tecta
511 1457 630 1520 vagum
653 1433 850 1516 summisque
872 1435 1032 1500 minatum

80 1521 247 1587 Collibus?
283 1521 435 1608 Ingentes
457 1522 530 1587 vexi
553 1544 730 1586 summersa
754 1521 878 1585 carinas

78 1611 320 1694 Remorumque
340 1633 437 1676 sonos
461 1614 493 1675 et
515 1610 659 1694 Pyrrhae
683 1610 809 1673 saecula
833 1610 927 1674 sensi.

135 1699 202 1775 &Ei
226 1699 315 1784 mihi,
340 1722 403 1781 quo
426 1699 539 1763 Latiae
561 1699 646 1763 vires
669 1698 823 1782 urbisque
845 1703 991 1782 potestas

77 1787 217 1851 Decidit!
241 1788 276 1850 in
299 1787 427 1869 qualem
449 1788 607 1872 paulatim
629 1787 782 1851 fluximus
804 1787 965 1852 umbram!
1056 1807 1090 1855 45

77 1874 213 1939 Armate
238 1876 400 1958 quondam
422 1877 542 1960 populo
565 1880 759 1959 patrumque
781 1875 931 1962 vigebam

80 1962 246 2049 Consiliis3
270 1962 379 2028 domui
401 1968 505 2029 terras
529 1965 689 2047 urbesque
712 1964 836 2028 revinxi

76 2052 232 2138 Legibus:
256 2052 296 2115 ad
319 2053 420 2117 solem
443 2053 559 2118 victrix
581 2057 754 2136 utrumque
778 2053 912 2118 cucurri.

76 2140 256 2224 Postquam
278 2141 349 2205 iura
372 2142 464 2206 ferox
486 2142 578 2205 inse
601 2141 783 2206 communia
807 2141 924 2206 Caesar

76 2228 258 2293 Transtulit
281 2233 312 2293 61
335 2229 420 2314 lapsi
442 2252 548 2295 mores
572 2230 766 2313 desuetaque
788 2230 904 2313 priscis
1056 2250 1091 2298 to

75 2316 212 2381 Artibus
235 2318 271 2381 in
292 2319 451 2404 gremium
474 2319 562 2403 pacis
586 2318 701 2382 servile
723 2318 850 2404 recessi,

76 2404 139 2469 Tot
162 2406 243 2470 mihi
265 2407 472 2490 promeritis
494 2407 631 2490 Libyam
653 2405 830 2489 Nilumque
854 2407 976 2491 dedere,

76 2493 121 2557 Vt
145 2494 307 2558 dominam
329 2496 457 2578 plebem
480 2495 734 2578 bellatoremque
758 2498 906 2558 senatum

76 2581 244 2646 Classibus
268 2584 399 2648 aestivis
423 2584 545 2647 alerent
568 2582 760 2670 geminoque
783 2581 926 2646 vicissim

75 2670 185 2735 Litore
210 2671 327 2736 diversi
351 2672 548 2754 complerent
570 2672 687 2735 horrea
709 2669 805 2735 venti.
1055 2689 1090 2738 oo

77 2757 193 2823 Stabat
216 2765 303 2823 certa
327 2760 428 2824 salus:
451 2759 612 2844 Memphis
635 2758 663 2823 61
685 2759 770 2822 forte
792 2764 952 2846 negasset,

74 2847 255 2913 Pensabam
277 2849 432 2912 Pharium
456 2847 602 2913 Gaetulis
625 2847 784 2911 messibus
808 2870 937 2934 annum,

74 2934 262 3037 Frugiferas
286 2941 408 3001 certare
430 2941 516 3001 rates
539 2937 668 3019 lateque
691 2935 839 3000 videbam

74 3023 197 3089 Pumca
218 3024 356 3090 Niliacis
380 3047 568 3090 concurrere
591 3025 725 3090 carbasa
746 3024 835 3089 velis.

76 3111 158 3176 Cum
181 3114 282 3178 subiit
304 3137 363 3198 par
384 3113 489 3178 Roma
511 3113 592 3178 mihi
615 3113 780 3196 divisaque
803 3112 942 3196 sumpsit
1056 3131 1090 3180 60

74 3199 236 3284 Aequales
259 3201 387 3267 Aurora
409 3206 513 3289 togas,
535 3200 698 3288 Aegyptia
721 3223 796 3265 rura

72 3286 115 3353 In
137 3295 263 3373 partem
286 3313 408 3355 cessere
431 3312 542 3356 novae.
588 3289 669 3374 Spes
691 3289 787 3354 unica
808 3289 905 3354 nobis

76 3377 235 3443 Restabat
257 3379 389 3465 Libyae,
413 3401 494 3463 quae
517 3378 571 3444 vix
595 3400 753 3464 aegreque
776 3378 920 3464 fovebat,

77 3464 154 3530 Solo
178 3467 275 3532 ducta
296 3467 395 3554 Noto,
418 3489 595 3552 numquam
619 3489 730 3533 secura
753 3466 865 3552 futuri,
924 3498 934 3513 ·
