2392 3870
450 805 759 878 FDSODNNINA

220 947 284 1019 DE
312 946 506 1019 NVPTIIS
534 947 737 1019 HONORII
765 945 984 1022 Avcvs'rl.

545 1117 566 1172 1.
587 1116 657 1186 (rr.)

162 1226 316 1310 Princeps
340 1247 472 1290 corusco
497 1224 599 1289 sidere
622 1224 802 1310 pulchrior,

93 1313 226 1378 Parthis
249 1313 387 1399 sagittas
410 1313 539 1378 tendere
563 1313 701 1399 doctior,

94 1403 205 1486 Eques
229 1400 361 1466 Gelonis
384 1401 602 1486 imperiosior,

96 1490 184 1567 Quae
207 1489 304 1575 digna
328 1491 445 1554 mentis
467 1490 539 1554 laus
563 1489 624 1553 erit
648 1490 789 1554 arduae?

95 1578 183 1655 Quae
207 1578 305 1663 digna
328 1579 450 1643 formae
472 1579 544 1642 laus
567 1577 629 1642 erit
652 1578 787 1664 igneae?

94 1666 139 1730 Te
163 1667 249 1731 Leda
271 1667 383 1731 mallet
407 1689 503 1750 quarn
527 1666 602 1730 dare
626 1665 806 1753 Castorem3

94 1755 240 1819 Praefert
263 1753 386 1819 Achilli
409 1759 442 1818 te
464 1755 597 1839 proprio
620 1754 742 1841 Thetis3

92 1842 226 1908 Victum
248 1844 369 1907 fatetur
391 1844 490 1907 Delos
514 1842 712 1929 Apollinem3

95 1930 204 1995 credit
226 1931 384 1995 minorem
407 1931 510 2015 Lydia
531 1932 693 1997 Liberum.

161 2019 210 2083 Tu
234 2041 306 2083 eum
329 2042 386 2104 per
409 2020 492 2084 altas
515 2020 655 2106 impiger
677 2020 768 2085 ilices

91 2107 197 2172 Freno
221 2107 356 2171 citatum
379 2108 582 2192 cornipedem
605 2130 697 2195 reges

91 2195 281 2278 Ludentque
304 2197 410 2260 ventis
433 2197 603 2261 instabiles
626 2219 751 2282 comae,

92 2284 179 2348 Telis
204 2283 354 2348 iacebunt
378 2289 529 2385 spontet
460 2285 582 2350 totuis
605 2285 690 2348 ferae

92 2371 305 2455 Gaudensque
329 2373 429 2437 saeris
451 2373 639 2437 uulneribus
662 2374 713 2438 leo

91 2459 237 2524 Admitte
238 2461 349 2525 tthas
335 2465 403 2525 tam
425 2466 529 2525 morte
553 2461 730 2544 superbior.

91 2547 203 2612 Venus
225 2571 389 2612 reversum
413 2549 536 2631 spernit
522 2547 754 2634 tAdonidem‚

90 2636 232 2701 Damnat
255 2635 365 2700 reduot
351 2641 421 2699 tum
446 2635 586 2719 Cynthia
608 2602 767 2700 Virbiuni.

159 2724 240 2788 Cum
263 2728 338 2809 post
360 2723 488 2788 labores
512 2723 572 2786 sub
594 2724 720 2807 platani
742 2724 832 2788 voles

90 2811 237 2877 Virentis
260 2813 374 2876 umbra
397 2812 449 2875 vel
471 2812 579 2898 gelido
604 2833 700 2897 specu

90 2900 331 2965 Torrentiorem
354 2901 466 2965 fallere
490 2900 611 2966 Sirium

90 2988 135 3053 Et
157 2990 302 3054 membra
325 3012 438 3054 somno
462 2991 547 3054 fessa
570 2989 756 3054 resolveris:

90 3074 117 3139 0
142 3082 242 3160 quant
244 3101 282 3141 us
304 3083 376 3142 uret
398 3083 469 3143 tum
473 3079 637 3231 Dryadas
661 3078 761 3142 calor!

92 3164 178 3241 Quot
202 3170 385 3232 aestuantes
409 3167 545 3252 ancipiti
567 3167 669 3253 gradu

88 3251 224 3318 Furtiva
247 3260 378 3338 carpent
402 3257 511 3320 oscula
533 3255 668 3319 Naides!

90 3381 138 3388 ..ο

162 3453 192 3499 11
215 3447 317 3519 Frena]
337 3448 486 3516 Heiusius;
504 3446 617 3517 praedo,
636 3447 750 3518 praeda.
