2392 3870
114 170 181 237 246
442 168 590 224 cunvnu
607 168 807 225 curvemur

115 334 266 401 Contenti
290 332 421 397 meliore
443 354 540 395 manu
564 353 695 416 seseque
718 334 891 417 ratemque
1081 352 1141 401 aas·

114 426 218 491 Unius
242 422 385 505 imperiis
408 421 553 504 tradunt,
575 425 740 504 artemque
762 442 886 505 pavore
1080 434 1140 490 acub
1195 419 1196 498 i

115 514 287 579 confessae
310 512 407 574 finem
430 510 546 573 studiis
568 510 671 574 fecere
693 510 868 594 procellae:

117 602 212 666 Haud
234 600 328 664 aliter
350 598 498 681 Stilicho,
520 598 652 663 fremuit
675 620 748 663 cum
770 597 916 665 Thracia
942 602 1028 670 belli

114 691 317 774 Tempestas,
340 688 463 752 cunctis
486 687 606 770 pariter
628 686 814 752 cedentibus
837 710 931 754 unus

115 780 259 865 Eligitur
281 778 407 861 duct0r3
430 775 584 863 suffragia
608 776 726 860 quippe
748 776 874 864 peregit

114 867 214 933 Iudex
237 888 311 931 vera
333 866 444 949 timor3
467 865 572 929 vietus
596 865 719 929 ratione
743 864 859 929 salutis
1093 891 1139 939 alc

114 956 268 1021 Ambitus
291 959 323 1020 et
345 954 459 1037 pulsus
481 953 580 1017 iacuit
603 952 773 1018 formidine
796 953 890 1019 livor.

182 1045 260 1122 Quis
296 1043 358 1108 tibi
394 1047 472 1106 tunc
507 1064 564 1125 per
595 1041 739 1107 membra
769 1045 894 1196 trpqor
930 1054 1137 1136 quantaeque

759 1153 795 1195 ca
817 1152 834 1195 e
859 1136 922 1199 ant

1188 736 1194 825 l

1187 828 1191 899 ι

1185 922 1192 1031 l

115 1223 264 1290 Vbertim
287 1221 449 1305 lacrimae,
473 1242 544 1283 cum
568 1241 662 1284 saeva
686 1219 876 1284 vocantibus
902 1243 1004 1290 arma

115 1313 185 1379 Iam
207 1311 298 1376 lituis
321 1309 447 1373 madido
470 1312 655 1392 respectans
677 1308 798 1373 lumine
820 1308 939 1377 vultus

116 1402 252 1487 Optares
275 1399 422 1463 reducem
444 1397 617 1484 galeaeque
639 1397 761 1461 inserta
782 1397 903 1462 mina'ci
1093 1422 1140 1473 ala

117 1490 234 1556 Oscula
258 1488 383 1553 cristati
404 1508 531 1570 raperes
554 1485 672 1550 festina
694 1486 816 1550 mariti!

116 1580 241 1646 Gaudia
264 1599 345 1662 quae
367 1598 492 1660 rursus,
515 1597 587 1639 cum
609 1578 684 1658 post
706 1575 851 1639 victricia
873 1579 1020 1648 tandem

120 1669 261 1734 Classica
285 1666 423 1730 sidereas
445 1664 601 1728 ferratum
622 1667 735 1748 pectus
757 1663 793 1728 in
814 1663 911 1729 ulnas

117 1758 305 1841 Exciperes,
328 1758 433 1818 castae
456 1757 528 1817 tuto
552 1774 608 1835 per
631 1751 737 1816 dulcia
758 1752 865 1817 noctis

117 1846 192 1911 Otia
214 1865 395 1931 pugnarum
418 1842 533 1907 seriem
555 1862 684 1905 narrare
708 1841 847 1906 iuberes!
1096 1869 1141 1918 220

117 1934 195 2001 Non
216 1933 274 1996 illo
296 1930 417 1996 nitidos
440 1952 593 2013 umquam
615 1929 757 1994 bellante
781 1930 919 2015 capillos

118 2023 263 2104 Comere,
285 2042 352 2084 non
374 2019 488 2083 solitos
511 2040 709 2105 gemmarum
733 2040 857 2083 sumere
881 2022 1017 2091 cultus:

116 2109 313 2177 Numinibus
336 2108 484 2190 votisque
507 2130 600 2172 vacas
624 2111 656 2172 et
679 2108 823 2192 supplice
845 2108 938 2175 crine

117 2199 228 2263 Verris
251 2198 397 2261 humum:
420 2196 536 2260 teritur
558 2196 721 2283 neglectae
744 2196 849 2284 gratia
872 2196 1007 2268 formae

119 2288 200 2353 Cum
221 2285 352 2371 proprio
376 2284 517 2349 reditura
539 2285 617 2349 viro,

670 2372 739 2439 Nec
762 2373 867 2438 deside
892 2396 976 2443 cura
1096 2402 1144 2453 ω

117 2467 232 2554 Segnis
256 2468 376 2530 marcet
399 2485 502 2527 amor:
527 2462 653 2526 laudern
676 2462 845 2545 prudentia
867 2462 951 2530 belli

117 2557 267 2621 Feminea
289 2576 347 2638 pro
371 2557 462 2636 parte
486 2551 581 2615 subit.
618 2550 704 2615 Dum
727 2551 879 2637 gentibus
901 2552 964 2619 ille

120 2644 288 2730 Confligit,
311 2641 402 2728 vigili
425 2646 462 2705 tu
485 2640 642 2724 prospicis
666 2640 773 2704 omnia
796 2662 905 2725 sensu,
982 2677 985 2681 ·

117 2732 168 2798 Ne
192 2732 270 2816 quid
291 2732 326 2795 in
348 2731 513 2794 absentem
535 2729 710 2793 virtutibus
734 2728 829 2793 obvia
852 2750 987 2815 semper

118 2821 245 2886 Audeat
268 2819 405 2884 invidiae
428 2818 533 2882 rabies
554 2839 618 2881 neu
640 2817 747 2882 fervor
768 2818 916 2905 iniquus,
1096 2846 1145 2897 m

118 2909 169 2975 Ne
193 2930 256 2992 qua
278 2908 391 2992 procul
413 2907 528 2991 positis
551 2906 639 2971 furto
663 2905 843 2971 subsederit
865 2908 969 2975 armis

121 2998 288 3063 Calliditas
310 2997 458 3061 nocitura
481 2995 574 3059 domi.
611 2994 660 3058 Tu
684 2994 794 3059 sedula
817 2995 987 3079 quondam

120 3087 238 3151 Rufino
261 3086 435 3150 meditante
458 3084 561 3168 nefas,
586 3106 657 3147 cum
681 3088 847 3167 quaereret
870 3088 960 3151 artes

120 3174 160 3239 ln
182 3175 271 3238 ducis
293 3175 427 3238 exitium
450 3173 696 3256 coniuratosque
719 3173 842 3237 foveret

123 3263 243 3328 Contra
265 3263 331 3347 pila
355 3261 466 3347 Getas,
489 3266 596 3326 motus
619 3261 735 3324 rimata
758 3261 896 3327 latentes
1095 3292 1145 3343 ῃ,

121 3352 282 3417 Mendetis
304 3350 513 3414 tremebunda
535 3351 640 3415 virum
664 3350 855 3433 scriptisque
878 3355 1056 3427 monebas.

171 3566 176 3577 Ι
193 3498 260 3576 296⁸
273 3492 428 3572 ratemque]
444 3490 604 3558 Dictaeis&
616 3491 791 3559 patremque.
835 3498 888 3546 214
902 3494 1017 3553 lumina
1032 3502 1142 3575 vultus]

120 3581 235 3636 serapeu-
252 3562 360 3616 lumina
378 3563 467 3615 vultu.
