2392 3870
133 175 200 240 146
464 172 828 239 CLAVDssctAVDIAM

32 355 36 358 “
135 338 297 404 Iustitiae:
321 337 428 402 ridere
450 336 549 421 pium,
571 335 677 402 videre
701 335 835 400 fidelem.

137 427 239 504 Quem
261 425 392 491 veniens
415 425 534 511 timuit,
557 425 682 489 rediens
707 423 885 488 Germanus
909 423 1037 489 amavit.

135 515 190 580 Illi
213 515 383 599 terribiles,
407 514 525 596 quibus
549 514 616 577 otia
638 512 773 579 vendere
797 533 922 595 semper
1100 530 1156 580 210

136 603 209 668 Mos
232 606 301 667 erat
324 607 356 666 et
379 601 472 666 foeda
495 602 637 685 requiem
660 601 803 666 mercede
825 600 954 686 pacisci,

135 691 232 758 Natis
256 691 423 755 obsidibus
445 712 556 774 pacem
579 694 647 754 tam
670 689 813 774 supplice
836 689 930 752 vultu

138 779 337 864 Captivoque
360 782 487 865 rogant,
510 800 607 862 quam
630 779 658 842 si
680 782 756 862 post
778 781 870 864 terga
893 778 1027 842 revincti

137 868 289 952 Tarpeias
312 867 432 952 pressis
456 867 592 932 subeant
616 867 793 931 cervicibus
816 888 913 931 arces.

138 956 249 1042 Omne,
273 955 359 1039 quod
382 954 544 1020 Oceanum
566 955 737 1038 fontesque
760 955 927 1020 interiacet
949 953 1065 1041 Histri,
1100 973 1156 1022 210

136 1045 243 1111 Unius
265 1045 397 1109 incursu
419 1045 565 1130 tremuit,
589 1044 657 1108 sine
681 1045 774 1108 caede
799 1044 952 1108 subactus

139 1132 277 1200 Servitio
300 1132 421 1197 Boreas
445 1133 664 1217 exarmatique
687 1133 829 1197 Triones.

205 1221 361 1306 Tempore
384 1224 452 1286 tam
474 1243 573 1305 parvo
597 1225 648 1287 tot
670 1221 793 1305 proelia
816 1221 972 1307 sanguine
993 1220 1086 1285 nullo

137 1310 270 1375 Perficis
294 1314 326 1374 et
349 1311 425 1374 luna
447 1332 550 1394 nuper
571 1314 723 1375 nascente
745 1309 911 1394 profectus

137 1397 223 1463 Ante
246 1398 340 1484 redis,
363 1419 460 1481 quam
483 1402 553 1462 tota
576 1399 648 1485 fuit,
670 1398 883 1481 Rhenumque
905 1398 1062 1463 minacem
1101 1415 1156 1466 220

140 1486 300 1552 Cornibus
322 1487 470 1551 infractis
494 1487 572 1552 adeo
595 1488 761 1552 mitescere
785 1487 884 1572 cogis,

137 1575 184 1640 Vt
207 1575 314 1640 Salius
336 1576 402 1640 iam
424 1598 499 1640 rura
523 1576 608 1640 colat
630 1577 795 1658 flexosque
818 1574 1017 1662 Sygambrus

137 1662 177 1729 In
199 1664 314 1728 falcem
338 1668 448 1729 curvet
470 1665 605 1751 gladios,
629 1665 837 1752 geminasque
859 1665 964 1728 viator

140 1751 221 1815 Cum
243 1752 350 1816 videat
373 1753 469 1838 ripas,
493 1775 574 1837 quae
597 1754 641 1819 sit
663 1753 818 1839 Romana,
841 1753 997 1838 requirat3

136 1840 184 1904 Vt
206 1840 272 1903 iam
295 1845 385 1905 trans
408 1840 542 1905 fluvium
564 1864 632 1906 non
652 1842 841 1928 indignante
866 1840 994 1905 Chauco
1101 1859 1155 1909 225

137 1928 255 1993 Pascat
277 1928 379 2015 Belga
402 1951 509 2015 pecus,
531 1931 734 2014 mediumque
757 1931 903 2016 ingressa
924 1952 982 2014 per
1003 1928 1119 1996 Albim

139 2016 263 2080 Gallica
285 2016 484 2082 Francorum
505 2023 632 2083 montes
656 2023 800 2084 armenta
822 2023 986 2103 pererrent

137 2104 183 2169 Vt
206 2105 320 2188 procul
341 2104 522 2188 Hercyniae
545 2129 602 2191 per
624 2112 717 2173 vasta
740 2109 868 2173 silentia
891 2108 990 2172 silvae

137 2192 258 2257 Venari
281 2196 354 2257 tuto
377 2193 482 2280 liceat,
504 2196 658 2280 lucosque
681 2200 809 2261 vetusta

137 2281 307 2367 Religione
330 2285 436 2346 truces
460 2287 492 2347 et
515 2284 616 2348 robur
636 2286 779 2350 numinis
801 2286 905 2349 instar
1100 2304 1157 2354 230

137 2370 304 2434 Barbarici
326 2375 456 2436 nostrae
479 2371 598 2437 feriant
619 2374 750 2458 impune
773 2375 936 2458 bipennes.

204 2458 301 2524 Vltro
325 2460 404 2543 quin
427 2461 524 2539 etiam
548 2462 662 2527 devota
684 2467 792 2527 mente
813 2466 946 2527 tuentur

137 2547 327 2633 Victorique
350 2549 468 2615 favent.
506 2548 662 2626 Quotiens
685 2552 807 2616 sociare
831 2555 974 2616 catervas

138 2635 250 2701 Oravit
273 2638 433 2724 iungique
450 2639 516 2703 tuis
539 2638 732 2704 Alamannia
755 2640 870 2726 signis!

137 2723 207 2789 Nec
230 2723 334 2789 doluit
357 2731 541 2811 contempta
564 2732 682 2815 tamen,
705 2732 878 2813 spretoque
900 2728 1033 2792 recessit
1099 2745 1154 2796 235

138 2812 271 2876 Auxilio
294 2813 425 2880 laudata
447 2817 534 2882 fides.
571 2817 741 2882 Provincia
762 2818 880 2882 missos

138 2900 291 2984 Expellet
314 2903 409 2967 citius
432 2904 535 2970 fasces
559 2927 655 2989 quam
677 2905 813 2971 Francia
834 2928 936 2992 reges,

138 2988 227 3065 Quos
251 2988 382 3056 dederis.
419 2993 498 3057 Acie
520 3015 579 3058 nec
600 2994 666 3059 iarn
688 2995 817 3079 pulsare
839 2995 985 3080 rebelles,

137 3076 201 3141 Sed
225 3078 339 3142 vinclis
362 3081 476 3163 punire
498 3082 588 3168 licet3
612 3084 672 3147 sub
696 3083 799 3148 iudice
821 3087 935 3148 nostro

137 3165 240 3252 Regia
262 3165 427 3233 Romanus
451 3170 601 3254 disquirit
625 3173 758 3237 crimina
782 3194 900 3237 carcer:
1098 3189 1151 3239 240

136 3253 350 3319 Marcomeres
373 3255 547 3343 Sunnoque
575 3261 679 3347 docet3
709 3283 846 3344 quorum
870 3263 953 3327 alter
975 3260 1154 3326 Etruscum

136 3343 276 3409 Pertulit
300 3344 443 3432 exilium3
468 3369 539 3412 cum
563 3371 597 3413 se
619 3351 823 3434 promitteret
845 3351 927 3416 alter

135 3431 252 3495 Exulis
275 3433 423 3518 ultorem,
445 3435 545 3500 iacuit
567 3460 718 3503 mucrone
742 3461 885 3503 suorum:

135 3520 201 3584 Res
225 3521 310 3588 avidi
334 3523 459 3589 concire
481 3547 582 3591 novas
606 3528 743 3611 odioque
765 3527 908 3593 furentes

991 2045 999 2105 3
