2392 3870
444 749 784 823 PANEGYRIOVS

108 894 172 966 DE
188 893 378 977 QVARTO
394 889 679 965 CONSVLATV
693 891 894 965 HONORII
905 890 1128 968 Avevsrl

571 1043 666 1114 (vm.)

174 1153 340 1238 Auspiciis
363 1153 481 1217 iterum
505 1175 574 1217 sese
597 1153 761 1239 regalibus
784 1175 887 1217 annus

107 1243 217 1309 Induit
241 1247 273 1307 et
295 1246 374 1307 nota
396 1242 517 1306 fruitur
539 1242 713 1306 iactantior
736 1242 823 1326 aula,

108 1333 235 1398 Limina
257 1353 316 1396 nec
338 1331 426 1415 passi
450 1330 570 1394 circum
592 1330 720 1414 privata
742 1331 861 1394 morari

108 1422 271 1486 Exultant
294 1420 425 1484 reduces
448 1418 600 1506 Augusto
624 1418 755 1482 consule
779 1419 891 1483 fasces.

110 1509 222 1575 Cernis
244 1514 281 1573 ut
305 1531 467 1573 armorum
490 1529 638 1592 proceres
662 1508 834 1593 legumque
856 1511 1006 1591 potentes
1109 1525 1125 1573 5

107 1597 268 1663 Patricios
292 1602 425 1661 sumunt
447 1597 579 1661 habitus
603 1600 635 1660 et
658 1618 747 1660 more
771 1595 897 1660 Gabino

109 1685 259 1750 Discolor
281 1685 400 1750 incedit
423 1685 509 1770 legio
533 1684 713 1769 positisque
735 1707 907 1769 parumper

109 1774 275 1839 Bellorum
300 1773 401 1859 signis
426 1773 573 1856 sequitur
594 1773 713 1837 vexilla
737 1771 885 1850 Quirini?

108 1861 231 1927 Lictori
256 1861 371 1925 cedunt
395 1861 521 1944 aquilae
545 1861 691 1946 ridetque
714 1865 847 1948 togatus

109 1951 205 2016 Miles
229 1954 261 2013 et
284 1949 319 2013 in
341 1949 455 2013 mediis
479 1950 612 2035 effulget
636 1951 723 2014 curia
747 1951 870 2014 cestrie.
1095 1968 1128 2017 ιο

109 2040 186 2124 lpse
210 2037 361 2102 Palatino
386 2037 626 2102 circumvallata
650 2043 764 2103 senatu

109 2129 178 2194 Iam
202 2127 347 2191 trabeam
370 2125 506 2189 Bellona
529 2127 613 2212 gerit
636 2149 844 2211 parmamque
866 2127 1002 2191 removit

109 2219 154 2283 Et
178 2217 304 2304 galeam
328 2236 435 2278 sacras
458 2216 577 2279 umeris
601 2220 732 2280 vectura
755 2216 890 2280 curules.

109 2306 179 2372 Nec
202 2311 235 2370 te
258 2303 438 2390 laurigeras
460 2304 593 2389 pudeat,
617 2303 771 2390 Gradive,
796 2326 923 2368 secures

109 2397 229 2462 Pacata
253 2397 380 2481 gestare
403 2415 501 2456 manu
523 2393 681 2476 Latiaque
703 2394 875 2458 micantem
1092 2411 1124 2459 15

109 2485 258 2550 Loricam
282 2485 407 2546 mutare
431 2486 523 2567 toga,
547 2482 628 2568 dum⁴
646 2483 768 2547 ferreus
791 2482 902 2547 haeret

112 2574 233 2638 Currus
258 2575 290 2635 et
312 2570 447 2634 Eridani
470 2571 587 2634 ludunt
609 2594 667 2655 per
690 2575 783 2655 prata
806 2570 939 2657 iugales.

178 2660 275 2724 Haud
298 2658 430 2744 indigna
454 2659 517 2723 coli
539 2681 599 2724 nec
620 2683 723 2744 nuper
747 2659 877 2746 cognita
897 2658 998 2722 Marti

110 2749 210 2833 leia
233 2747 404 2832 progenies
427 2752 459 2811 et
483 2770 565 2831 quae
589 2749 768 2836 diademata
790 2747 910 2813 mundo

111 2836 237 2922 Sparsit
260 2834 383 2898 Hibera
406 2835 528 2901 domus.
574 2836 644 2902 Nec
665 2841 791 2901 tantam
814 2836 911 2900 vilior
933 2836 1019 2900 unda
1090 2852 1127 2903 20

110 2923 296 2991 Promeruit
319 2924 426 3009 gentis
451 2925 580 2989 seriem:
605 2926 764 2990 cunabula
787 2925 870 2990 fovit

111 3015 272 3096 Oceanus3
295 3015 399 3075 terrae
423 3012 570 3077 dominos
592 3014 763 3101 pelagique
786 3015 915 3078 futuros

111 3103 264 3168 Inmenso
290 3100 395 3163 decuit
419 3123 525 3165 rerum
549 3101 587 3165 de
610 3103 754 3186 principe
776 3103 874 3166 nasci.

110 3192 197 3257 Hinc
220 3187 381 3274 processit
405 3211 496 3274 avua,
520 3190 571 3253 cui
594 3196 669 3274 post
692 3191 814 3255 Arctoa
836 3190 986 3254 frementi

111 3279 255 3346 Classica
278 3275 438 3359 Massylas
462 3278 614 3343 adnexuit
637 3279 749 3344 Africa
772 3281 895 3364 laurus,
1093 3296 1127 3343 25

109 3371 183 3455 Ille,
208 3365 390 3431 Caledoniis
413 3366 523 3448 posuit
548 3368 602 3450 qui
627 3372 732 3432 castra
754 3369 893 3452 pruinis

110 3460 172 3537 Qui
195 3455 317 3521 medios
339 3453 461 3536 Libyae
485 3455 545 3518 sub
570 3457 693 3521 casside
715 3457 851 3540 pertulit
875 3460 997 3540 aestus,
