2392 3870
85 182 232 253 (xxxin.)
250 181 299 234 na
317 180 442 255 arrrv
460 179 715 235 Paosnurrunn
735 166 845 235 nisan
863 181 1009 239 Parnvs.
1036 183 1104 248 265

85 343 224 428 Asperat
248 348 280 407 et
305 344 390 407 dirae
414 343 498 429 riget
520 343 725 407 inclementia
748 344 884 430 formae3

85 434 253 497 Terrorem
277 433 369 496 dolor
393 431 539 517 augebat.
576 431 666 495 Tunc
688 433 768 495 talia
791 433 876 496 celso

86 521 148 584 Cre
172 524 264 584 tonat
288 519 489 607 (tremefacta
513 520 609 583 silent
633 520 757 584 dicente
780 525 918 604 tyranno

85 609 192 673 Atria:
215 610 369 672 latratum
392 609 552 691 triplicem
576 610 773 692 compescuit
796 609 910 695 ingens
1066 628 1097 676 85
1187 666 1190 671 ,

85 697 209 761 Ianitor
232 702 264 760 et
286 719 397 781 presso
421 698 626 761 lacrimarum
649 697 739 762 fonte
762 698 880 762 resedit

87 786 226 869 Cocytos
249 787 422 868 tacitisque
444 785 596 849 Acheron
619 786 783 850 obmutuit
805 787 900 849 undis

85 876 130 938 Et
152 874 426 961 Phlegethonteae
450 875 637 957 requierunt
659 898 824 938 murmura
847 873 966 962 ripae):

153 962 308 1027 ‘Atlantis
331 963 472 1049 Tegeaee
495 984 609 1046 nepos,
633 984 800 1027 commune
824 964 993 1047 profimdis

84 1053 129 1116 Et
153 1053 277 1135 superis
299 1073 432 1136 numen,
456 1052 512 1134 qui
534 1052 585 1113 fas
607 1073 664 1134 per
686 1052 786 1114 limen
807 1056 980 1134 utrumque
1066 1070 1102 1118 90

86 1141 182 1204 Solus
206 1141 306 1203 habes
330 1139 521 1225 geminoque
545 1139 624 1202 facis
649 1140 838 1203 commercia
860 1140 994 1225 mundo,

54 1231 58 1238 '
84 1228 100 1291 Ι
124 1228 207 1292 celer
230 1232 262 1290 et
285 1226 453 1311 proscinde
476 1227 583 1292 Notos
606 1231 639 1290 et
661 1228 750 1290 iussa
774 1227 912 1310 superbo
1069 1235 1070 1238 ’

84 1316 196 1387 Redde
217 1314 300 1380 Iovi:
327 1315 524 1378 »Tantumne
547 1315 622 1401 tibi,
647 1316 830 1379 saevissime
854 1316 967 1401 frater,

85 1405 125 1468 ln
147 1426 198 1467 me
220 1405 301 1468 iuris
324 1404 407 1467 erit?
431 1404 477 1466 sic
498 1403 594 1467 nobis
616 1404 714 1467 noxia
736 1405 820 1467 vires

88 1493 168 1558 Cum
192 1493 279 1556 caelo
301 1491 446 1556 Fortuna
469 1493 568 1555 tulit?
590 1515 669 1556 num
691 1493 791 1556 robur
814 1496 846 1555 et
870 1515 957 1555 arma
1066 1509 1101 1558 95

85 1581 300 1666 Perdidimus,
324 1582 351 1644 si
373 1585 467 1664 rapta
490 1580 582 1643 dies?
617 1580 671 1645 An
694 1582 777 1644 forte
800 1580 940 1644 iacentes

85 1669 288 1756 Ignarosque
310 1673 420 1753 putas,
444 1669 531 1751 quod
552 1691 619 1733 non
643 1669 796 1753 Cyclopia
818 1669 884 1732 tela

87 1759 283 1844 Stringimus
307 1762 363 1821 aut
386 1780 484 1821 vanas
507 1758 633 1821 tonitru
656 1758 835 1821 deludimus
859 1758 976 1821 auras?

84 1848 202 1913 Nonne
226 1847 305 1910 satis
328 1847 446 1930 visum,
469 1847 555 1931 grati
579 1846 665 1929 quod
687 1847 819 1910 luminis
842 1868 957 1929 expers

87 1936 195 1999 Tertia
219 1957 386 2018 supremae
408 1934 516 2017 patior
539 1935 704 2018 dispendia
728 1935 825 1999 sortis
1051 1951 1102 2000 100

86 2024 309 2106 informesque
331 2024 459 2109 plagas,
483 2045 555 2087 cum
578 2027 611 2087 te
633 2023 829 2089 laetissimus
853 2028 945 2087 omet

87 2113 228 2199 Signifer
251 2116 283 2175 et
306 2113 395 2175 vario
420 2113 550 2198 cingant
574 2112 742 2195 splendore
766 2112 913 2197 Triones3

88 2201 150 2265 Sed
173 2201 325 2264 thalamis
349 2201 445 2264 etiam
467 2201 643 2284 prohibes?
678 2201 796 2266 Nereia
819 2201 933 2286 glauco

85 2291 274 2373 Neptunum
297 2290 420 2374 gremio
444 2289 669 2372 complectitur
691 2288 904 2373 Amphitrite3

86 2379 130 2442 Te
154 2379 391 2464 consanguineo
415 2378 529 2461 recipit
551 2381 627 2460 post
649 2377 786 2440 fulmina
808 2378 930 2439 fessum
1048 2395 1099 2442 105

86 2466 167 2530 Iuno
192 2468 272 2530 sinu.
310 2466 394 2542 Quid
416 2467 501 2529 enim
523 2487 651 2529 narrem
673 2465 811 2528 Latonia
833 2464 934 2547 furta,

87 2556 171 2632 Quid
190 2554 336 2618 Cererem
355 2574 568 2639 magnamque
585 2551 743 2615 Themin?
771 2551 845 2614 Tibi
864 2555 955 2614 tanta
975 2552 1102 2616 creandi

88 2644 200 2727 Copia3
223 2646 256 2705 te
279 2642 357 2704 felix
379 2645 531 2704 natorum
553 2640 650 2703 turba
673 2643 815 2703 coronat.

87 2732 150 2794 Ast
174 2751 234 2815 ego
258 2729 384 2791 deserta
406 2750 552 2791 maerens
574 2728 734 2813 inglorius
758 2729 831 2790 aula

86 2818 279 2902 implacidas
301 2816 393 2880 nullo
417 2816 548 2880 solabor
569 2817 705 2902 pignore
729 2816 843 2879 curas?
1051 2832 1103 2882 110

86 2907 164 2972 Non
186 2907 264 2969 adeo
288 2904 454 2969 toleranda
479 2905 578 2987 quies.
614 2905 795 2968 Primordia
817 2908 920 2968 testor

86 2996 203 3061 Noctis
226 2998 258 3058 et
280 2993 458 3057 horrendae
482 2997 597 3079 stagna
618 2993 810 3056 intemerata
832 2993 972 3076 paludis:

88 3085 122 3148 Si
147 3084 232 3148 dicto
255 3105 367 3167 parere
389 3104 503 3168 negasr,
524 3084 686 3165 patefacta
710 3081 800 3145 ciebo

88 3173 236 3257 Tartara,
260 3170 392 3236 Saturni
415 3175 538 3235 veteres
561 3171 678 3234 laxabo
703 3174 844 3255 catenas,

89 3261 255 3324 Obducam
277 3259 420 3324 tenebris
444 3260 559 3344 solem,
582 3281 736 3345 compage
760 3259 867 3323 soluta
1052 3275 1102 3323 115
1183 3313 1187 3319 .

86 3348 228 3413 Lucidus
251 3349 405 3412 umbroso
428 3348 616 3412 miscebitur
639 3348 708 3410 axis
731 3347 902 3412 Aremo.«'

86 3487 88 3490 <
156 3436 221 3500 Vix
244 3459 281 3501 ea
303 3438 391 3500 fatus
415 3441 497 3522 erat,
520 3436 585 3500 iam
607 3437 741 3500 nuntius
765 3440 852 3499 astra
874 3437 1013 3500 tenebat.

88 3525 245 3589 Audierat
268 3525 419 3589 mandata
441 3525 539 3589 Pater
562 3546 733 3608 secumque
755 3525 882 3588 volutat
