2392 3870
85 160 129 226 80
414 158 559 215 CLAVDII
578 159 779 215 CLAVDIANI

84 320 137 386 Ad
160 320 275 386 solitos
298 343 429 406 coepere
452 323 540 386 iocos
564 327 596 387 et
619 324 724 409 iurgia
748 322 824 385 circi

86 409 235 510 Tendere.
281 407 486 493 Nequiquam
508 433 626 497 magna
649 411 836 496 confligitur
857 409 919 492 ira,

87 495 166 573 Quis
189 496 305 561 melius
328 498 454 563 vibrata
476 521 556 581 puer
578 501 737 586 vertigine
760 497 852 562 molli

86 583 232 684 Membra
253 589 347 686 rotet,
370 591 475 651 verrat
500 588 571 671 quis
594 610 754 653 marmora
778 587 864 650 crine
889 582 1027 669 supino?
1051 598 1102 646 360

88 670 168 772 Quis
190 694 295 773 magis
319 674 434 739 enodes
457 676 595 740 laterum
617 677 807 759 detorqueat
830 678 933 757 artus,

89 757 168 859 Qu1s
181 781 263 861 ,votor
286 761 419 848 digItos,
444 764 554 828 oculos
578 765 650 848 quis
673 764 818 829 moribus
842 761 956 845 aptet?

88 844 133 946 Hi
156 850 298 933 tragicos
321 851 492 916 meminere
515 853 640 937 modos3
664 851 715 916 his
739 851 850 915 fabula
873 851 1006 932 Tereus,

88 932 150 997 Hrs
173 935 309 1003 necdum
333 940 502 1004 commissa
524 940 622 1005 choro
649 945 798 1004 cantatur
821 939 944 1024 Agaue.

88 1018 238 1106 Increpat
261 1023 452 1111 Eutropius:
474 1050 540 1092 non
563 1030 642 1093 haec
665 1028 848 1112 spectacula
871 1032 1000 1109 tempus
1053 1041 1106 1090 365

88 1106 239 1197 Poscere3
261 1135 347 1179 nuno
370 1115 449 1180 alias
472 1138 634 1181 armorum
656 1117 841 1181 incumbere
864 1137 972 1199 curas,

91 1194 132 1260 So
156 1199 235 1264 satis
257 1199 411 1303 hrmenio
434 1204 555 1269 fessum
578 1227 636 1289 pro
660 1206 763 1269 limite
787 1205 873 1290 cingi

89 1282 159 1349 Neo
182 1291 282 1354 tant1s
306 1315 405 1356 unum
429 1293 604 1358 subsistere
626 1314 722 1377 posse
745 1293 888 1377 periclis3
989 1282 1010 1343 ἠ

90 1369 266 1478 Ignosoant
290 1382 393 1466 senio,
415 1381 546 1447 iuvenes
569 1382 610 1445 ad
632 1382 755 1465 proelia
778 1382 911 1445 mittant
935 1403 990 1442 -τ

92 1459 204 1566 Qualls
227 1471 422 1553 pauperibus
444 1471 555 1535 nutrix
577 1471 682 1535 invisa
703 1470 822 1554 puellis
1056 1483 1110 1530 370

91 1547 228 1621 Adsrdet
251 1561 283 1621 et
306 1560 372 1623 tela
395 1581 596 1624 communem
620 1580 771 1642 quaerere
794 1559 915 1622 victum

92 1636 203 1708 Rauca
225 1652 348 1733 monet3
371 1648 464 1713 festis
486 1648 562 1713 illae
584 1648 701 1713 lusisse
724 1648 837 1712 diebus

94 1723 197 1796 Orant
220 1736 252 1797 et
275 1736 390 1817 positis
414 1759 590 1820 aequaevas
613 1739 715 1802 visere
738 1736 859 1820 pensis,

93 1811 264 1905 lrataeque
287 1826 375 1907 operi
398 1825 462 1889 iam
485 1826 571 1891 lasso
594 1827 711 1911 pollice
734 1826 789 1889 fila

96 1902 243 1975 Turbant
266 1914 298 1975 et
321 1916 449 1979 teneros
472 1914 646 2001 detergent
662 1915 798 1979 stamine
821 1914 925 1976 fletus.
1060 1925 1114 1972 375

163 1996 293 2065 Emicat
315 2003 475 2089 extemplo
500 2004 623 2068 cunctis
645 2002 881 2087 trepidantibus
905 1997 1009 2062 audax

99 2081 216 2154 Crasse
238 2090 323 2155 mole
344 2091 424 2178 Leo,
448 2115 543 2176 quem
565 2093 619 2157 rix
643 2091 796 2176 Cyclopia
820 2090 925 2154 solum

98 2171 287 2276 Aequatura
310 2180 424 2268 fames,
448 2204 542 2265 quem
564 2203 631 2246 non
653 2182 760 2245 ieiuna
784 2178 920 2243 Celaeno

99 2262 265 2358 Vmceret3
287 2269 364 2335 hinc
385 2293 503 2336 nomen
525 2271 628 2336 fertur
650 2270 804 2334 meruisse
826 2264 952 2330 Leonis.

100 2354 185 2423 Acer
206 2362 242 2427 in
264 2362 413 2426 absentes
435 2361 565 2447 linguae
587 2361 737 2445 iactator,
761 2355 927 2422 abrmdans
1063 2367 1118 2415 380

103 2444 254 2536 Corporis
278 2452 476 2539 exiguusque
500 2450 611 2534 animi,
634 2447 839 2512 doctissimus
862 2441 941 2506 artis

103 2537 271 2614 Quondam
293 2541 452 2626 lanificae,
474 2540 657 2604 moderator
679 2534 815 2620 pectinis
837 2531 920 2595 unci.

102 2625 180 2695 Non
203 2633 285 2697 alius
308 2633 416 2696 lanam
438 2628 585 2715 purgatis
610 2625 758 2691 sordibus
782 2642 881 2704 aeque

104 2717 293 2787 Praebuerit
316 2719 468 2804 calathis,
492 2716 606 2781 similis
629 2736 688 2779 nec
710 2711 844 2798 pinguia
867 2707 1038 2792 quisquam

105 2806 234 2875 Vellera
257 2814 448 2894 pertenues
471 2805 548 2870 ferri
570 2803 744 2889 producere
767 2800 873 2863 rimas.
1067 2810 1121 2859 385

106 2897 196 2964 Tunc
219 2898 302 2964 Aiax
326 2901 394 2962 erat
416 2894 567 2978 Eutropii
590 2893 718 2974 lateque
741 2886 911 2970 fremebat,

106 2985 183 3052 Non
206 2993 328 3073 septem
350 2989 443 3050 vasto
467 2983 615 3068 quatiens
638 2979 777 3043 umbone
800 2977 964 3057 iuvencos,

108 3075 184 3163 Sed,
208 3101 304 3162 quam
327 3074 490 3159 perpetuis
514 3069 650 3153 dapibus
673 3068 829 3153 pigroque
853 3062 945 3126 sedih

107 3164 197 3231 Inter
220 3188 300 3231 anus
323 3165 470 3246 interque
494 3161 582 3224 colos
607 3159 806 3239 oneraverat,
830 3153 945 3217 alvum.

109 3254 267 3341 Adsurgit
289 3253 418 3317 tandem
440 3269 614 3331 vocemque
638 3243 796 3329 expromit
819 3241 979 3305 anhelam:
1071 3253 1124 3299 aao

176 3343 268 3422 ‘Quis
277 3363 380 3406 novus
394 3339 448 3402 hic
456 3342 578 3421 torpor,
592 3334 693 3399 socii?
708 3352 848 3416 quonam
861 3349 963 3411 usquc
978 3324 1126 3389 sedemus

109 3432 269 3499 Femineis
293 3429 395 3495 clausi
417 3425 572 3505 thalamis
592 3423 796 3507 patimurque
819 3417 976 3502 periclum

112 3521 254 3587 Gliscere
278 3516 420 3584 desidia?
467 3513 657 3579 Graviorum
680 3509 776 3575 turba
797 3506 958 3572 malorum
