2392 3870
140 141 208 207 304
466 135 612 192 cnavnu
630 135 829 190 curvamur

140 302 298 368 Sensibus
322 322 361 364 ex
383 298 458 363 imis
481 298 620 383 suspiria
643 297 738 362 ducta
761 299 912 363 fatentur.

142 393 315 457 Consertas
337 392 486 472 prensate
509 409 624 451 manus
647 409 863 473 magnumque
886 410 944 472 per
967 389 1081 454 orbem

141 481 264 545 Dextra
286 478 368 564 liget
390 477 523 540 laevam.
558 475 674 540 Festos
698 475 856 541 celebrate
878 476 1077 560 hymenaeos
1127 496 1161 545 55

141 569 204 654 Ac,
226 567 412 632 modulante
435 564 537 628 melos
559 564 681 648 pariter
703 587 860 649 caesoque
882 566 1031 653 pavinto,

142 657 225 722 Cum
246 655 326 739 pede
348 675 412 718 vox
435 657 576 717 resonet:
598 653 780 736 persultent
803 654 885 718 atria
907 655 1013 741 larga,

144 744 232 821 Quae
255 742 372 807 virides
396 742 530 828 cingunt
548 741 687 806 hederae
709 741 856 825 laurique
880 749 1036 809 coronant

142 831 355 918 Votigerique
377 829 483 916 ignes,
506 829 671 894 stellantia
693 831 830 916 lumina,
853 832 1024 916 complent.

143 921 324 1006 Tympana,
348 919 466 983 chorda
489 918 586 982 simul
610 919 815 1004 symphonia,
837 919 933 1006 tibia,
955 922 1077 1007 buxus,
1127 941 1161 990 60

144 1009 313 1094 Cymbala,
335 1006 539 1090 bombylium
562 1029 678 1071 cornus
702 1012 734 1071 et
756 1008 880 1094 fistula,
903 1009 1050 1096 sistrum,

145 1099 296 1182 Quaeque
318 1119 376 1180 per
398 1099 523 1159 aeratas
544 1095 706 1179 inspirant
729 1097 870 1161 earmina
892 1119 1001 1185 voces,

144 1187 263 1251 Vmida
285 1185 451 1271 folligenis
474 1185 653 1249 exclament
676 1207 797 1271 organa
819 1187 933 1251 ventis.
1022 1211 1025 1216 ·

212 1276 315 1361 Surge
330 1296 389 1360 age
402 1274 467 1337 iam
481 1273 619 1337 iuvenis:
635 1273 780 1337 dextram
790 1275 1001 1358 complectere
1012 1298 1161 1360 sponsae.

144 1365 257 1448 Tuque
279 1362 388 1446 puella
411 1356 507 1445 caput
529 1362 623 1426 niveo
646 1361 804 1427 velamine
826 1367 912 1427 tecta
1127 1383 1161 1433 aa

144 1453 221 1519 Non
244 1454 414 1515 cunctante
437 1450 540 1537 gradu
562 1472 709 1536 gressum
732 1450 885 1515 comitare
907 1452 1025 1518 mariti.

145 1542 253 1625 Teque
276 1539 373 1603 etiam
395 1535 507 1623 phuois
529 1561 730 1625 moneamus,
752 1537 912 1626 pronuba,
935 1541 1052 1606 verbis.

214 1628 295 1693 Cum
318 1628 416 1692 fuerit
434 1631 566 1699 ventum
584 1628 625 1691 ad
643 1628 804 1692 thalamos
822 1628 1025 1714 primumque
1046 1630 1164 1717 cubile,

147 1716 197 1782 Sit
220 1717 282 1781 tibi
305 1740 381 1781 cura
403 1713 526 1802 vigens
538 1716 671 1781 innoxia
693 1717 824 1781 reddere
846 1718 990 1782 membra

145 1805 306 1892 Virginis,
328 1809 365 1870 ut
388 1808 507 1891 totum,
531 1806 618 1888 quod
638 1805 743 1889 possit
766 1807 904 1893 laedere,
927 1807 1044 1872 demas.
1130 1825 1165 1874 '10

145 1894 283 1959 Nullum
307 1893 350 1958 sit
372 1893 470 1976 capiti
494 1916 558 1977 quo
583 1893 680 1958 crinis
703 1895 842 1959 comitur
864 1918 978 1960 aurum

145 1982 215 2048 Nec
238 1982 322 2046 collo
345 1986 509 2067 maneant,
531 1983 595 2046 nisi
618 2005 700 2066 quae
723 1987 799 2047 sunt
821 1983 921 2069 levia,
944 1984 1000 2048 fila

146 2070 275 2135 Anulus
298 2074 330 2133 et
353 2069 464 2154 digitis
487 2071 624 2134 tollatur
645 2071 800 2136 mollibus
823 2094 917 2156 asper

147 2158 197 2222 Ac
220 2157 331 2221 niveos
355 2178 433 2221 auro
456 2180 594 2241 propera
616 2161 755 2243 spoliare
777 2160 929 2246 lacertos,

147 2246 212 2332 Ne,
236 2245 312 2309 dum
334 2268 393 2328 par
415 2245 531 2309 ludunt
555 2251 652 2330 atque
676 2250 786 2313 oscula
809 2250 915 2313 dulcia
936 2251 1060 2315 iactant
1130 2268 1164 2317 τᾶ

148 2335 372 2418 Exercentque
395 2334 476 2398 toris
499 2333 635 2399 Veneris
658 2337 821 2403 luctamen
843 2339 1010 2425 anhelum,

150 2424 273 2490 Cuncta
296 2446 354 2508 per
376 2424 542 2508 amplexus
566 2425 735 2490 foedentur
757 2428 902 2491 membra
924 2427 1033 2492 mariti

148 2514 257 2597 Atque
280 2513 382 2577 invita
403 2513 465 2576 viri
488 2515 627 2577 maculet
651 2537 732 2598 quae
755 2515 862 2602 diligit
886 2539 950 2581 ora.

215 2601 264 2666 Ite
287 2624 381 2686 pares
403 2602 596 2685 tandemque
618 2607 691 2667 toro
714 2604 865 2669 recubate
887 2604 1002 2689 petite.

146 2690 265 2753 Mellea
287 2694 365 2754 tunc
387 2690 489 2755 roseis
511 2691 700 2756 haeresoant
722 2693 813 2756 basia
835 2693 936 2758 labris
1131 2711 1166 2759 80

149 2778 194 2842 Et
218 2800 400 2861 compressa
424 2779 491 2843 suis
515 2780 607 2844 sudet
629 2802 687 2864 per
709 2785 841 2864 pectora
863 2781 1015 2846 membris

149 2865 226 2950 Per]
249 2866 424 2950 niveosque
451 2890 579 2932 umeros
603 2870 786 2952 collumque
813 2892 871 2953 per
895 2872 1010 2954 0s[que
1033 2871 1166 2936 marita:

149 2954 291 3018 Dextera
314 2955 468 3019 cervicem
490 2979 623 3033 roseam,
639 2958 783 3022 subiecta
805 2963 944 3023 retentet

150 3043 393 3129 'surgentesque
417 3045 514 3109 simul
532 3047 734 3133 constringat
756 3048 848 3112 laeva
870 3047 1017 3132 papillas.

224 3293 256 3340 61
276 3288 463 3360 bombylium]
484 3291 607 3358 Birtiua·
627 3291 803 3346 bambilium.
860 3297 893 3345 63
912 3292 1070 3362 folligenis]
1091 3294 1166 3346 Bur·-

150 3375 283 3427 mouaus;
315 3359 461 3428 folligeris.
536 3362 705 3433 exclament]
740 3364 957 3431 Werusdorfius;
995 3362 1163 3417 exclamant.

150 3430 256 3503 ventis]
275 3431 443 3499 Muellerum
463 3432 548 3486 vocis.
588 3438 620 3486 75
644 3433 699 3505 Ne]
723 3435 790 3488 Neo.
827 3450 879 3502 par
900 3433 1014 3505 ludunt]
1039 3434 1167 3501 Bio·tius;

136 3502 202 3558 faro
220 3503 301 3562 ludu.
379 3507 412 3560 81
435 3503 520 3560 sudet
539 3505 605 3578 per]
623 3505 749 3575 Rittium
764 3504 908 3558 insudent.
