2392 3870
91 151 239 221 (XXVIII.)
257 149 516 205 PANEGYRICVS
534 148 582 202 DF
603 147 721 203 SEXTO
741 147 843 206 CONS.
857 148 1021 205 HONORII.
1042 150 1106 216 185

90 313 313 397 Concideram3
337 311 477 395 stipatus
500 310 604 374 adhuc
627 310 836 394 equitumque
860 311 998 376 catervis

89 400 220 487 Integer
243 400 283 464 ad
305 403 432 463 montes
455 399 581 483 reliquo
605 420 678 463 cum
700 399 817 463 robore
841 400 932 486 cessi,
1052 417 1104 466 285

90 490 177 565 Quos
200 488 429 573 Appenninum
451 488 632 572 perhibent.
677 487 774 551 Hunc
797 508 867 552 esse
889 489 1014 554 ferebat

88 578 219 662 Incola„
235 577 292 660 qui
316 575 461 642 Siculum
482 580 650 661 porrectus
674 575 715 640 ad
737 598 840 659 usque
862 576 1015 642 Pelorum

87 667 224 731 Finibus
248 666 289 729 ab
311 665 469 751 Ligurum
491 664 631 748 populos
655 664 881 747 complectitur
904 688 1014 730 omnes

88 755 203 822 Italiae
226 754 456 841 geminumque
479 754 565 817 latus
590 753 784 839 stringentia
807 754 903 840 longe

87 845 233 927 Vtraque
256 847 412 927 perpetuo
436 842 637 907 discriminat
659 863 799 925 aequora
821 847 937 907 tractu.
1052 859 1104 910 290

87 933 176 999 Haec
199 954 259 1019 ego
284 932 473 996 continuum
497 931 526 995 si
548 953 606 1014 per
628 930 705 1016 iuga
728 930 858 996 tendere
882 954 1020 1018 cursum,

88 1022 133 1087 Vt
156 1022 246 1107 prior
268 1021 369 1085 iratae
392 1021 498 1085 fuerat
522 1019 682 1083 sententia
704 1019 815 1104 menti,

87 1110 349 1194 Iamdesperata
371 1108 548 1173 voluissem
570 1108 655 1192 luce,
679 1107 757 1191 quid
778 1108 887 1172 ultra?

90 1199 249 1265 Omnibus
273 1201 458 1282 oppeterem
481 1197 567 1261 fama
590 1197 711 1260 maiore
734 1196 890 1280 perustisl

87 1287 133 1353 Et
157 1291 242 1351 certe
265 1285 406 1350 moriens
428 1285 561 1368 propius
584 1289 630 1370 te,
653 1285 770 1370 Roma,
792 1284 943 1369 viderem,
1052 1301 1103 1351 295

88 1375 227 1461 Ipsaque
249 1396 307 1458 per
330 1374 434 1438 cultas
458 1378 582 1460 segetes
605 1396 694 1437 mors
715 1377 829 1437 nostra
853 1377 963 1438 secuto

87 1464 216 1529 Victori
239 1463 393 1528 damnosa
415 1463 508 1527 foret,
533 1500 575 1510 —-
600 1460 662 1526 Sed
684 1461 823 1548 pignora
844 1461 940 1526 nobis

88 1554 255 1618 Romanus
279 1573 433 1635 carasque
454 1573 557 1616 nurus
579 1549 794 1635 praedamque
817 1550 956 1615 tenebat.
980 1588 1024 1596 -

87 1641 160 1706 Hoc
182 1640 287 1727 magis
310 1645 456 1704 exertum
478 1661 624 1725 raperem
647 1639 842 1704 succinctior
864 1660 988 1725 agmen.
1068 1668 1070 1674 ·

155 1730 257 1815 ‘Heu,
280 1729 398 1813 quibus
417 1729 557 1814 insidiis,
581 1750 644 1812 qua
662 1750 713 1792 me
732 1727 940 1792 circumdedit
960 1731 1028 1791 arte
1052 1744 1104 1794 300

87 1819 211 1883 Fatalis
235 1840 360 1900 semper
383 1817 537 1881 Stilicho!
582 1816 670 1881 Dum
691 1838 821 1900 parcere
844 1815 949 1904 fingit,

88 1906 229 1971 Rettulit
251 1905 389 1969 hostiles
413 1905 538 1969 animos
561 1905 746 1989 bellumque
768 1927 915 1970 remenso

88 1994 223 2060 Evaluit
245 1993 420 2058 transferre
443 1993 540 2058 Pado.
585 1993 650 2058 Pro
673 1994 802 2058 foedera
826 2016 921 2059 saevo

88 2083 258 2148 Deteriora
282 2082 376 2169 iugo!
412 2082 562 2147 toneris
586 2082 728 2147 extincta
752 2083 923 2168 Getarum,

88 2172 179 2237 Tunc
201 2171 295 2256 mihi,
323 2175 401 2235 tunc
423 2170 525 2236 letum
546 2171 665 2257 pepigi.
712 2171 897 2236 Violentior
920 2171 1018 2235 armis
1051 2187 1103 2237 305

88 2260 247 2325 Omnibus
271 2263 435 2346 expugnat
456 2265 604 2325 nostram
627 2261 796 2325 clementia
819 2266 957 2347 gentem,

87 2349 177 2413 Mars
200 2350 330 2436 gravior
353 2350 413 2413 sub
436 2371 515 2433 pace
537 2350 630 2435 latet,
655 2349 827 2432 capiorque
850 2349 994 2412 vicissim

86 2437 268 2502 Fraudibus
291 2438 361 2522 ipse
383 2438 472 2503 meis.
519 2436 599 2514 Quis
621 2437 687 2501 iam
710 2437 830 2501 solacia
852 2437 939 2501 fesso

90 2526 310 2591 Consiliumve
334 2526 446 2590 dabit?
492 2524 606 2590 Sooius
629 2525 811 2607 suspectior
832 2523 935 2587 hoste.

155 2614 280 2697 ‘Atque
302 2613 429 2677 utinam
451 2617 585 2677 cunctos
607 2612 753 2677 licuisset
774 2612 906 2695 perdere
929 2610 1029 2674 bellot
1052 2626 1104 2676 310

88 2702 175 2768 Nam
199 2701 347 2784 quisquis
371 2700 451 2785 duro
475 2700 589 2764 cecidit
613 2700 799 2785 certamine,
821 2722 998 2783 numquam

87 2790 216 2856 Desinit
240 2811 309 2853 esse
332 2810 431 2853 meus.
476 2788 594 2853 Melius
616 2810 769 2853 mucrone
791 2790 942 2874 perirent,

87 2879 303 2961 Auferretque
326 2877 406 2941 mihi
429 2878 520 2941 luctu
542 2877 662 2942 leviore
686 2877 811 2942 sodales

87 2967 184 3032 Victa
206 2989 321 3031 manus
345 2988 442 3049 quam
464 2966 552 3030 laesa
574 2966 662 3031 fides.
707 2965 869 3031 Nullusne
893 2966 1046 3031 clientum

87 3055 281 3121 Permanet?
304 3055 418 3120 offensi
441 3056 589 3142 comites,
612 3055 706 3120 odere
728 3056 911 3140 propinqui.
1052 3071 1103 3120 315

89 3144 173 3220 Quid
195 3167 304 3209 moror
325 3145 464 3209 invisam
486 3144 616 3208 lucem?
639 3166 703 3227 qua
726 3145 800 3209 sede
822 3145 993 3209 recondam

88 3232 260 3320 Naufragii
283 3234 465 3320 fragmenta
487 3233 573 3297 mei?
596 3254 717 3316 quaeve
741 3255 817 3298 arva
840 3233 1010 3318 requiram,

88 3321 127 3386 In
151 3322 268 3405 quibus
291 3322 378 3387 haud
399 3344 553 3406 umquam
577 3320 713 3386 Stilicho
739 3323 939 3406 nimiumque
961 3322 1104 3404 potentis

87 3409 202 3475 Itahae
223 3433 342 3475 nomen
363 3416 493 3476 nostras
517 3411 732 3475 circumsonet
754 3411 885 3476 auresl'
1051 3428 1102 3474 319

155 3499 245 3564 Haec
265 3521 447 3565 memorans
470 3500 613 3563 instante
635 3499 747 3586 fugam
766 3499 945 3565 Stilichone
966 3498 1105 3564 tetendit
