2392 3870
112 46 178 108 234
444 43 591 97 CLAVDll
609 42 811 98 ccavlrlsxr

113 208 175 272 Sed
199 207 345 290 quamvis
367 205 520 269 Lachesis
542 205 633 269 letali
655 205 796 269 stamine
820 203 983 292 damnet,

158 295 194 359 111
219 304 250 358 te
274 297 341 357 fata
366 294 427 358 sibi
451 294 655 378 prosperiora
678 297 802 377 petunt.

113 385 234 459 Quodsi
258 386 342 447 forte
365 383 470 446 malus
493 383 646 446 membris
668 381 825 446 exuberat
848 404 958 448 umor
1116 404 1145 453 aa

157 472 323 556 Languida
347 472 398 535 vel
420 472 520 534 nimio
543 472 666 534 viscera
688 469 764 534 felle
786 469 930 555 rubent,

113 560 189 623 Non
212 582 309 623 venas
332 566 476 623 reserant
498 581 556 623 nec
579 560 710 623 vulnere
731 558 870 622 vulnera
893 567 1027 628 sanans

158 648 277 710 Pocula
301 670 359 711 nec
382 648 469 711 tristi
493 649 639 733 gramine
661 647 763 711 mixta
785 646 926 713 bibunt:

113 736 278 799 Amissum
302 737 443 820 lymphis
466 741 616 819 reparant
638 736 769 819 impune
791 735 966 823 vigorem,

157 823 358 907 Pacaturque
381 847 478 911 aegro
502 824 686 888 luxuriante
708 822 809 887 dolor.
1100 847 1147 895 100

494 1016 606 1070 11111.
627 1014 751 1083 (inv.)

527 1146 714 1207 PHOENIK

181 1264 299 1329 Oceani
324 1287 448 1328 summo
473 1265 678 1328 circumfluus
701 1285 839 1348 aequore
863 1265 968 1332 lucus

113 1354 216 1417 Trans
239 1352 336 1417 Indos
359 1354 547 1436 Eurumque
570 1353 665 1438 viret,
689 1353 745 1436 qui
767 1352 894 1436 primus
917 1357 1062 1424 anhelis

115 1442 316 1506 Sollicitatur
339 1443 430 1525 equis
454 1442 622 1524 vicinaque
644 1441 777 1506 verbera
800 1442 918 1526 sentit,

113 1530 230 1593 Vmida
253 1532 376 1594 roranti
399 1534 551 1594 resonant
574 1552 648 1593 cum
670 1529 918 1615 1111111111111111,

113 1618 205 1681 Vnde
229 1620 323 1682 rubet
346 1624 481 1683 ventura
504 1619 571 1681 dies
595 1619 754 1704 longeque
778 1619 923 1682 coruscis
1133 1644 1147 1692 5

112 1705 187 1768 Nox
212 1707 328 1770 adflata
352 1708 432 1770 rotis
456 1708 569 1793 refugo
593 1706 741 1790 pallescit
763 1706 898 1771 amictu:

113 1793 201 1857 Haec
225 1796 409 1858 fortunatus
432 1796 568 1859 nimium
591 1795 739 1858 Titanius
761 1795 828 1859 ales

113 1882 226 1967 Regna
249 1884 327 1945 colit
351 1883 502 1965 solusque
525 1884 622 1969 plaga
645 1883 794 1946 defensus
816 1882 931 1966 iniqua

112 1969 262 2033 Possidet
285 1971 422 2033 intactas
446 1972 551 2057 aegris
575 1972 768 2035 animalibus
792 1993 864 2035 oras

114 2056 216 2121 Saeva
238 2080 297 2121 nec
319 2058 452 2121 humani
474 2060 597 2142 patitur
621 2061 771 2146 contagia
792 2059 914 2124 mundi
1118 2087 1148 2134 10

113 2146 177 2209 Par
199 2146 330 2210 volucer
353 2147 476 2229 superis
482 2200 490 2232 ,
514 2149 625 2211 stellas
649 2149 704 2231 qui
727 2148 852 2212 vividus
876 2157 1007 2232 aequat

113 2235 267 2299 Durando
291 2236 506 2319 membrisque
529 2237 605 2300 terit
628 2236 835 2300 redeuntibus
859 2257 998 2326 aevum,

113 2323 190 2388 Non
213 2325 316 2408 epulis
341 2329 483 2388 saturare
508 2326 637 2409 famem,
660 2347 727 2389 non
749 2325 895 2390 fontibus
919 2327 1007 2394 ullis

113 2411 276 2478 Adsuetus
299 2414 469 2497 prohibere
494 2414 593 2497 sitim3
617 2413 673 2477 sed
695 2414 807 2497 purior
829 2413 925 2477 illum

114 2500 200 2565 Solis
223 2504 330 2566 fervor
353 2503 411 2566 alit
434 2506 631 2584 ventosaque
654 2502 773 2585 pabula
795 2505 888 2585 potat
1115 2528 1146 2577 15

114 2589 271 2674 Tethyos,
294 2590 423 2653 innocui
448 2613 581 2674 carpens
604 2590 757 2654 alimenta
779 2589 918 2674 vaporis.
999 2642 1008 2656 .

113 2677 277 2740 Arcanum
299 2679 425 2742 radiant
449 2680 533 2743 oculi
556 2679 658 2742 iubar.
694 2677 813 2765 Igneus
837 2701 893 2743 011

115 2765 225 2850 Gingit
247 2766 359 2830 honos.
396 2767 508 2831 Rutilo
533 2771 706 2853 cognatum
728 2767 847 2831 vertice
871 2766 962 2831 sidus

113 2853 247 2916 Attollit
271 2855 422 2918 cristatus
446 2878 526 2938 apex
549 2857 760 2938 tenebrasque
785 2876 895 2919 serena

112 2942 198 3005 Luce
223 2948 316 3006 secat.
354 2944 452 3026 Tyrio
475 2945 654 3030 pingimtur
677 2967 770 3007 crura
792 2965 923 3008 veneno.
1109 2971 1144 3019 20

113 3029 312 3095 Antevolant
335 3032 500 3115 Zephyros
523 3034 653 3118 pinnae,
677 3055 757 3115 quas
781 3031 927 3095 caerulus
952 3037 1066 3103 ambit

113 3116 208 3181 Flore
232 3120 321 3183 color
344 3142 520 3203 sparsoque
544 3144 640 3205 super
664 3120 790 3184 ditescit
813 3121 848 3183 in
870 3142 959 3185 11110.

179 3206 242 3270 Hic
265 3229 368 3290 neque
393 3215 546 3292 concepto
570 3212 638 3274 fetu
661 3231 720 3273 nec
744 3209 863 3272 semine
887 3210 1011 3297 surgit,

114 3294 176 3358 Sed
198 3301 290 3379 pater
314 3300 362 3359 est
385 3296 555 3380 prolesque
579 3299 629 3361 sui
651 3298 805 3379 nulloque
830 3300 958 3361 creante

112 3383 275 3449 Emeritos
299 3388 389 3448 artus
412 3385 547 3450 fecunda
569 3391 672 3450 morte
695 3386 849 3449 reformat
1106 3411 1142 3460 25
