2392 3870
130 163 196 229 288
455 165 603 220 CLAVDII
621 162 821 220 calvulum

129 328 219 393 Haec
242 350 358 414 comes,
380 329 460 393 haec
484 332 603 413 custos,
625 327 704 392 haec
722 327 878 414 proxima,
900 332 1006 394 mater
1026 330 1155 398 haberi.

128 418 220 483 Tunc
242 418 364 482 laceras
387 418 488 481 effusa
511 438 619 480 comas
642 420 675 480 et
697 416 829 500 pulvere
852 438 932 481 cano

130 506 266 572 Sordida
289 506 430 570 sidereae
453 509 566 590 raptus
589 505 722 592 lugebat
745 505 901 570 alumnae.

195 594 290 659 Hanc
313 595 466 680 adgressa
490 593 600 680 Ceres,
622 597 798 678 postquam
821 594 962 678 suspiria
985 596 1122 662 tandem

128 683 265 748 Laxavit
288 683 461 765 frenosque
485 683 590 747 dolor:
627 681 732 759 ‘Quod
755 683 927 748 cernimus'
950 684 1060 768 inquit
1102 705 1155 754 180

130 771 335 836 ‘Excidium?
374 770 434 835 Oui
456 771 576 855 praeda
598 771 707 836 feror?
743 771 912 859 Regnatne
934 773 1075 838 maritus

129 858 184 924 An
207 860 331 925 caelum
353 859 485 924 Titanes
508 860 652 924 habent?
689 859 777 937 Quae
800 860 880 925 talia
902 861 976 927 vivo

129 947 220 1014 Ausa
242 949 389 1013 Tonante
411 949 549 1014 manus?
572 949 701 1033 rupitne
724 949 872 1034 Typhoia
895 950 1002 1015 cervix

131 1035 315 1102 Inarimen?
338 1038 483 1103 fractane
505 1038 575 1125 iugi
598 1060 752 1125 compage
773 1037 893 1103 Vesevi

129 1126 315 1211 Alcyoneus
338 1127 506 1211 Tyrrhena
527 1127 624 1211 pedes
646 1149 705 1210 per
727 1130 844 1214 stagna
867 1128 1031 1193 cucurrit?
1099 1146 1154 1197 185

130 1215 185 1280 An
206 1217 312 1282 vicina
334 1216 416 1280 mihi
439 1216 601 1299 quassatis
624 1216 773 1280 faucibus
795 1215 902 1280 Aetna

129 1304 272 1370 Protulit
294 1305 516 1370 Enceladum?
537 1309 669 1368 nostros
692 1328 735 1368 an
756 1305 842 1369 forte
863 1309 996 1388 penates

131 1393 280 1478 Adpetiit
303 1398 432 1458 centum
454 1393 599 1458 Briareia
621 1394 719 1457 turba
741 1393 893 1458 lacertis?

129 1481 217 1569 Heu,
244 1482 302 1547 ubi
324 1505 410 1547 nunc
433 1505 481 1568 es,
503 1486 594 1569 nata,
616 1481 720 1546 mihi?
749 1504 826 1569 quo,
853 1481 943 1547 mille
965 1482 1153 1572 ministrae,

132 1570 216 1658 Quo,
241 1571 371 1655 Cyane?
393 1572 541 1636 volucres
565 1593 645 1654 quae
668 1571 718 1635 vis
742 1570 871 1635 Sirenas
895 1571 1027 1658 abegit?
1100 1592 1154 1641 190

130 1659 273 1725 Haecine
296 1665 404 1726 vestra
426 1661 529 1725 fides?
552 1661 598 1724 sic
621 1661 671 1724 fas
695 1659 799 1724 aliena
821 1660 907 1724 tueri

129 1748 305 1836 Pignora?

345 1837 548 1903 Contremuit
569 1838 694 1922 nutrix,
716 1858 906 1921 maerorque
928 1837 1045 1921 pudori

132 1925 237 2013 Cedit,
261 1931 293 1990 et
317 1926 487 2009 adspectus
510 1927 646 1991 miserae
667 1948 735 1991 non
757 1926 841 1990 ferre
863 1925 1007 2010 parentis

130 2015 287 2098 Emptum
310 2018 414 2078 morte
437 2014 516 2079 velit
539 2015 738 2102 longumque
761 2015 885 2078 inmota
908 2019 1055 2080 moratur

129 2101 306 2166 Auctorem
330 2102 464 2165 dubium
487 2107 674 2187 certumque
697 2125 883 2188 expromere
906 2104 1012 2168 fimus.
1098 2122 1151 2171 195

130 2190 197 2255 Vix
220 2194 330 2255 tamen
351 2189 442 2253 haec:

495 2277 603 2342 ‘Acies
625 2279 751 2343 utinam
774 2303 892 2345 vesana
916 2280 1095 2368 Gigantum

129 2369 224 2433 Hanc
247 2367 369 2443 dederit
392 2368 527 2433 cladem!
563 2368 681 2433 Levius
705 2370 887 2434 communia
909 2374 1057 2456 tangunt.

131 2457 195 2523 Sed
218 2458 323 2545 divae,
346 2458 513 2540 multoque
536 2457 643 2522 minus
667 2459 753 2542 quod
776 2479 858 2545 rere,
882 2481 1009 2524 sorores

130 2546 171 2610 111
191 2552 321 2613 nostras
346 2544 524 2635 (nimiuml)
548 2547 755 2612 coniuravere
778 2548 897 2612 ruinas.

129 2634 269 2700 Insidias
293 2658 457 2722 superum,
481 2642 637 2722 cognatae
659 2636 793 2701 vulnera
816 2636 920 2701 cernis
1095 2653 1150 2703 200

130 2722 281 2789 Invidiae.
318 2724 459 2812 Phlegra
481 2725 577 2789 nobis
599 2724 756 2790 infensior
779 2724 897 2791 aether.

198 2812 363 2876 ‘Florebat
386 2813 564 2897 tranquilla
587 2814 716 2899 domus3
737 2835 797 2878 nec
819 2813 932 2878 limina
954 2813 1046 2900 virgo

129 2900 290 2985 Linquere
311 2923 371 2965 nec
393 2902 511 2966 virides
535 2903 673 2967 audebat
695 2901 799 2967 visere
822 2902 925 2966 saltus

130 2989 315 3074 Praeceptis
340 2991 498 3055 obstricta
520 2990 595 3056 tuis.
632 2991 728 3056 Telae
750 2991 844 3056 labor
866 2991 929 3076 illi3

132 3076 259 3142 Sirenes
283 3079 418 3162 requies.
457 3078 648 3144 Sermonum
670 3079 776 3168 gratia
798 3102 937 3166 mecum,
1095 3096 1149 3146 205

131 3164 259 3229 Mecum
284 3189 416 3232 somnus
440 3173 509 3232 erat
533 3169 682 3252 cautique
704 3191 762 3253 per
785 3169 868 3232 atria
891 3167 972 3232 ludi:

133 3253 214 3319 Cum
238 3255 346 3318 subito
371 3254 519 3342 (dubium
543 3279 684 3340 quonam
706 3261 908 3322 monstrante
931 3257 1073 3321 latebras

130 3341 303 3430 Rescierit)
329 3343 487 3427 Cytherea
509 3345 597 3410 venit
621 3351 833 3431 suspectaque
855 3345 951 3410 nobis

129 3432 180 3498 Ne
203 3433 301 3519 foret,
329 3432 406 3496 hinc
427 3432 581 3498 Phoeben
604 3435 751 3521 comites,
778 3435 854 3499 hinc
876 3435 1011 3498 Pallada
1033 3434 1149 3499 iunxit.

129 3520 291 3585 Protinus·
307 3523 409 3586 effuso
432 3521 550 3587 laetam
574 3545 608 3588 se
631 3525 753 3611 fingere
776 3524 844 3589 risu
1097 3540 1149 3589 210
