2392 3870
89 165 132 229 64
416 165 562 220 CLAVDII
581 165 780 221 CLAVDIANI

89 326 213 392 Celsius
237 326 414 412 adsurgunt
438 331 560 391 erectae
584 349 704 392 cornua
726 329 835 413 matri,

87 414 141 479 Sic
164 416 228 479 iam
251 414 429 479 terribilem
452 415 589 479 stabulis
612 416 839 499 dominumque
863 417 1003 485 ferarum

89 502 236 567 Crescere
259 503 395 567 miratur
417 503 564 588 genetrix
585 502 729 586 Massyla
752 505 885 568 leonem.

87 588 232 656 Dimovit
254 590 405 656 nebulam
427 591 597 675 iuvenique
620 591 768 675 adparuit
791 593 913 679 ingens.
1048 613 1102 664 390

87 676 170 743 Tum
193 678 239 742 sic
262 690 340 743 orsa·
357 677 461 762 loqui:

513 765 688 849 ‘Quantum
710 772 743 831 te
765 769 909 852 principe
931 771 1069 857 possim,

86 852 164 918 Non
185 852 363 940 longinqua
386 853 515 939 docent,
538 854 660 918 domito
684 855 771 938 quod
793 855 918 921 Saxone
941 857 1064 942 Tethys

87 939 201 1007 Mitior
223 945 279 1008 aut
301 942 404 1006 fracto
428 963 538 1007 secura
561 942 729 1009 Britannia
751 944 858 1027 Pict03

88 1028 174 1094 Ante
196 1029 293 1114 pedes
316 1029 431 1095 humili
453 1029 577 1094 Franco
601 1031 751 1114 tristique
775 1031 881 1096 Suebo

87 1115 241 1183 Perfruor
263 1121 295 1183 et
317 1122 466 1183 nostrum
487 1118 593 1203 video,
617 1117 816 1201 Germanice,
838 1120 995 1186 Rhenum.
1047 1140 1101 1188 395

88 1204 151 1269 Sed
175 1206 252 1290 quid
274 1206 389 1295 agam?
420 1205 553 1271 Discors
576 1204 691 1271 Oriens
713 1207 861 1272 felicibus
884 1210 964 1273 actis

88 1290 214 1360 Invidet
237 1300 334 1379 atque
357 1294 420 1360 alio
443 1294 567 1360 Phoebi
590 1295 627 1360 de
651 1295 778 1360 cardine
801 1301 938 1382 surgunt

89 1381 244 1469 Crimina,
265 1405 306 1449 ne
329 1387 401 1448 toto
423 1384 585 1467 conspiret
608 1405 741 1466 corpore
764 1406 906 1470 regnum.

89 1469 236 1537 Gildonis
259 1476 349 1537 taceo
372 1495 489 1559 magna
512 1494 586 1538 cum
607 1471 700 1536 laude
725 1477 886 1556 receptam

88 1557 260 1626 Perfidiam
282 1564 315 1625 et
338 1560 439 1626 fretos
462 1561 533 1626 Eoo
556 1561 672 1625 robore
692 1559 831 1625 Mauros.
1046 1579 1100 1629 400

89 1646 177 1722 Quae
201 1652 350 1732 suscepta
372 1648 486 1735 fames,
510 1654 667 1733 quantum
690 1649 882 1714 discriminis
905 1650 992 1734 urbi,

87 1732 133 1797 Ni
156 1738 212 1798 tua
235 1735 286 1799 vel
309 1736 412 1800 soceri
433 1758 609 1820 numquam
631 1759 698 1802 non
719 1737 853 1821 provida
875 1738 978 1802 virtus

87 1818 274 1885 Australem
296 1820 426 1888 Arctois
448 1828 615 1906 pensasset
637 1824 787 1908 frugibus
811 1848 938 1890 annum.

88 1904 236 1973 Inveotee
260 1908 409 1973 Rhodani
431 1909 583 1974 Tiberina
604 1931 662 1993 per
685 1912 768 1974 ostia
791 1912 909 1976 classes

90 1994 321 2080 Cinyphiisque
343 1996 433 2060 ferax
456 1995 568 2059 Araris
591 1996 744 2058 successit
768 1997 884 2061 aristis.
1047 2018 1101 2066 405

88 2083 283 2149 Teutonicus
306 2105 416 2148 vomer
437 2081 656 2166 Pyrenaeique
678 2082 804 2146 iuvenci

88 2170 247 2236 Sudaverc
270 2171 362 2255 mihi3
386 2174 510 2256 segetes
533 2169 691 2236 ninantur
712 2169 850 2234 Hiberas

87 2259 225 2344 Horrea3
247 2280 307 2324 nec
327 2258 449 2341 Libyae
473 2262 640 2324 senserunt
663 2259 778 2323 damna
800 2259 929 2323 rebellis

86 2344 156 2412 Iam
178 2347 377 2431 transalpina
400 2348 544 2412 contenti
566 2369 669 2412 messe
693 2346 840 2424 Quirites.

87 2435 148 2501 Ille
172 2435 300 2520 quidem
323 2435 420 2500 solvit
443 2435 573 2500 meritas
597 2433 673 2523 (scit
695 2435 853 2523 Tabraca)
875 2459 1009 2521 poenas,
1046 2455 1102 2504 410

88 2523 135 2588 Vt
157 2528 266 2608 pereat
289 2525 480 2608 quicumque
503 2524 568 2589 tuis
592 2524 772 2589 conflixerit
794 2525 899 2589 armis,

156 2612 251 2677 ‘Ecce
273 2636 387 2697 repens
410 2612 511 2679 isdem
534 2612 640 2677 clades
663 2613 851 2696 apartibus
874 2614 940 2677 exit

89 2699 296 2784 Terrorisque
319 2702 438 2786 minus,
462 2701 518 2765 sad
539 2701 613 2784 plus
636 2700 787 2765 habitura
808 2701 940 2784 pudoris

89 2789 268 2873 Eutropius
292 2789 411 2853 consul.
456 2789 585 2853 Pridem
606 2789 745 2853 tolerare
767 2789 905 2854 fatemur

89 2876 162 2941 Hoc
184 2899 299 2963 genus,
322 2876 455 2941 Arsacio
478 2880 651 2961 postquam
674 2899 708 2940 se
731 2878 819 2963 regia
838 2877 928 2940 fastu
1047 2893 1101 2943 415

90 2964 230 3029 Sustulit
254 2969 286 3029 et
308 2969 439 3030 nostros
462 2966 604 3048 corrupit
627 2964 760 3029 Parthia
782 2987 895 3029 mares.

88 3052 248 3116 Praefecti
271 3052 327 3116 sed
348 3053 452 3119 adhuc
474 3053 609 3139 gemmis
632 3053 777 3136 vestique
800 3053 959 3119 dabantur

91 3139 248 3204 Custodes
272 3163 425 3225 sacroque
448 3142 598 3206 adhibere
622 3140 750 3207 silentia
772 3163 901 3225 somno3

89 3226 208 3292 Militia
231 3229 368 3293 eunuchi
390 3251 566 3314 numquam
587 3251 757 3316 progressa
777 3229 892 3310 cubili,

89 3314 167 3382 Non
187 3317 255 3380 vita
278 3317 455 3400 spondente
477 3318 586 3403 fidem3
610 3319 665 3382 scd
686 3319 802 3383 inertia
824 3321 932 3382 tutum
1048 3333 1102 3382 410

89 3403 209 3468 Mentis
231 3406 349 3491 pignus
373 3410 449 3469 erat.
495 3406 623 3470 Secreta
645 3405 779 3469 monilia
801 3409 941 3492 servent,

90 3490 231 3558 Ornatus
254 3497 365 3558 curent
388 3493 516 3578 Tyrios:
540 3516 558 3558 a
581 3495 687 3559 fronte
709 3494 858 3559 recedant
