2392 3870
131 156 197 221 21311
457 154 605 208 CLAVDII
623 152 822 208 CLAVDIANI

132 316 178 383 Et
201 339 301 402 prope
325 317 490 400 torsisset,
515 315 541 377 si
565 337 632 379 non
653 314 814 380 Mavortia
838 321 960 403 cuspis

133 406 219 470 Ante
244 406 385 469 revelato
410 404 575 468 cerebrum
598 404 734 469 fudisset
758 405 798 468 ab
822 427 890 472 ore.

133 493 207 580 Ille,
230 495 300 558 viro
324 497 394 557 toto
418 493 572 577 moriens,
595 493 798 576 serpentibus
821 494 901 559 imis

133 583 224 648 Vivit
248 583 352 645 adhuc
375 581 512 645 stridore
534 581 626 645 ferox
649 584 682 645 et
704 586 795 666 parte
818 582 943 649 rebelli
1135 608 1162 656 90

132 670 299 736 Victorem
320 673 396 754 post
419 669 487 733 1010
509 669 600 756 petit.

657 756 803 823 Tritonia
826 760 926 847 virgo

133 848 268 912 Prosilit
293 847 464 911 ostendens
488 847 586 910 rutila
610 852 682 910 cum
706 846 857 934 Gorgone
879 856 1027 940 pectus3

134 935 299 1019 Adspectu
323 939 474 999 contenta
498 957 556 999 suo
579 957 645 998 non
668 937 772 999 utitur
794 935 891 1000 hasta

134 1024 234 1110 (Nam
258 1024 337 1088 satis
361 1028 409 1087 001
434 1023 551 1088 vidisse
575 1021 687 1110 semel)
711 1024 919 1108 primumque
945 1029 1118 1098 furentem

134 1114 278 1200 Longius
302 1113 337 1176 in
360 1112 475 1175 faciem
498 1112 568 1174 saxi
590 1110 740 1176 Pallanta
762 1112 932 1180 reformat.
1132 1138 1158 1186 95

135 1201 195 1265 Ille
218 1201 333 1286 procul
356 1201 472 1264 subitis
496 1201 580 1263 fixus
604 1200 673 1264 sine
696 1201 827 1291 vulnere
851 1203 954 1268 nodis

134 1290 181 1355 Vt
205 1312 238 1353 se
263 1289 390 1353 letifero
415 1290 515 1352 sensit
540 1288 704 1353 durescere
728 1290 800 1353 visu

135 1378 194 1465 (nt
219 1382 352 1442 steterat
374 1378 440 1440 iam
462 1399 562 1460 paene
585 1374 683 1464 lapis)
712 1377 795 1454 ‘Quo
817 1378 1025 1448 vertimurP'
1051 1388 1157 1472 inquit,

135 1467 235 1544 ‘Quae
261 1467 360 1550 serpit
383 1488 441 1549 per
463 1465 607 1529 membra
631 1466 733 1530 silex?
756 1465 811 1549 qui
834 1469 956 1550 torpor
979 1472 1125 1541 inertem

133 1553 314 1620 Marmorea
337 1576 387 1618 me
410 1558 500 1637 peste
524 1554 639 1639 ligatl'
675 1553 740 1618 Vix
763 1569 865 1639 pauca
887 1556 1049 1648 locutus,
1118 1580 1157 1629 101

134 1644 227 1720 Quod
250 1644 372 1723 timuit,
396 1643 460 1705 iam
484 1647 573 1707 totus
598 1647 682 1728 erat3
706 1664 882 1725 saevusque
907 1645 1111 1739 Damastor,

133 1731 186 1795 Ad
209 1731 413 1814 depellendos
436 1731 576 1817 iaculum
600 1752 672 1794 cum
696 1735 862 1814 quaereret
885 1732 1025 1824 hostes,

135 1821 286 1886 Germani
309 1820 449 1906 rigidum
471 1819 560 1882 misit
583 1841 642 1902 pro
666 1819 911 1908 rupe-cadaver.
1016 1869 1019 1873 A

201 1909 265 1972 Hic
287 1930 362 1972 vero
387 1908 554 1971 interitum
577 1907 688 1971 fratris
712 1908 848 1972 miratus
871 1908 1013 1979 Echion

134 1996 274 2080 Inscius,
298 2000 461 2059 auctorem
485 1996 561 2059 dum
583 1996 654 2059 vult
676 2000 834 2080 temptare
855 2002 1031 2090 nocendo,
1118 2023 1159 2071 101

134 2086 193 2168 Te,
216 2085 297 2167 Dea,
321 2085 474 2168 respexit,
499 2085 601 2147 solam
625 2106 721 2166 quam
745 2106 871 2149 cernere
893 2089 985 2153 nulli

134 2173 191 2236 Bis
215 2172 315 2235 licuit.
353 2171 472 2234 Μο11111
497 2173 624 2236 sublata
648 2173 779 2236 audacia
801 2195 925 2257 poenas

134 2261 179 2324 Et
204 2260 314 2323 didicit
338 2282 410 2323 cum
433 2265 535 2323 morte
560 2261 676 2324 deam·
696 2260 759 2325 Sed
781 2261 932 2327 turbidus
957 2267 1013 2332 ira
1116 2258 1121 2268 ⁸

134 2349 320 2435 Palleneus,
343 2349 445 2411 oculis
469 2372 580 2412 010100
603 2350 770 2413 tuentibus
794 2354 900 2436 atrox,

134 2437 319 2525 Ingreditur
343 2459 515 2520 caecasque
538 2460 653 2501 manus
676 2438 712 2502 in
733 2437 865 2502 Pallada
888 2442 1011 2509 tendit.
1118 2464 1160 2511 110

134 2527 231 2591 Hunc
254 2548 405 2591 mucrone
428 2527 504 2589 ferit
528 2526 585 2589 dea
609 2528 802 2612 comminue,
825 2548 862 2590 00
885 2527 990 2595 01111111
1017 2557 1142 2623 angues

136 2615 308 2702 Gorgoneo
331 2616 458 2700 riguere
482 2615 557 2700 gelu
581 2636 761 2699 corpusque
783 2637 968 2698 perunum

134 2703 214 2767 Pars
238 2705 375 2767 moritur
398 2704 500 2788 ferro,
524 2707 632 2786 partes
655 2704 777 2788 periere
800 2703 948 2771 videndo.

202 2791 286 2854 Ecce
310 2796 418 2855 autem
441 2792 582 2855 medium
605 2791 701 2875 spiris
726 2793 874 2876 delapsus
896 2792 934 2857 in
958 2796 1094 2883 aequor

135 2878 343 2962 Porphyrion
365 2880 525 2962 trepidam
548 2884 682 2943 conatur
706 2902 852 2964 rumpere
869 2881 1003 2971 Delon,
1118 2906 1159 2956 115

136 2967 267 3032 Scilicet
291 2969 331 3030 ad
355 2990 487 3051 superos
511 2971 547 3031 111
571 2972 722 3052 torqueat
745 2969 912 3052 improbus
938 2987 1048 3042 axes..
1147 2988 1152 2996 '

134 3055 271 3119 Horruit
294 3054 460 3141 Aegaeus,
485 3057 714 3141 stagnantibus
738 3057 829 3121 exilit
853 3059 959 3124 antris

134 3143 307 3227 Longaevo
332 3167 404 3207 cum
427 3149 519 3227 patre
544 3144 657 3209 Thetis
681 3147 872 3229 desertaque
892 3152 1024 3218 mansit

134 3231 237 3316 Regia
260 3231 406 3316 Neptuni
429 3233 560 3296 famulis
583 3235 762 3298 veneranda
785 3235 967 3317 profundis.

134 3319 328 3384 Exclamant
351 3320 495 3403 placidae
521 3320 641 3403 Cynthi
665 3323 702 3386 de
725 3323 844 3387 vertice
866 3323 1071 3419 Nymphae,
1120 3351 1163 3400 100

133 3407 317 3493 Nymphae,
342 3430 424 3490 quae
447 3408 581 3472 rudibus
604 3410 772 3474 Phoebum
796 3411 932 3476 docuere
959 3422 1105 3507 sagittis

135 3495 291 3562 Errantes
316 3496 440 3582 agitare
464 3496 549 3561 10100
571 3499 775 3583 primumque
799 3502 944 3585 gementi
