2392 3870
119 135 183 200 168
440 133 586 189 CLAVDII
604 133 802 189 OLAVDIANI
903 180 906 184 .

118 296 216 362 Vexit
239 297 417 383 Lingonico
441 296 571 360 sudatas
594 318 722 360 vomere
744 297 886 361 messes?

119 384 182 450 Illa
206 407 297 471 seges
319 406 386 448 non
409 384 565 448 auxilium
587 385 683 448 modo
706 385 855 469 praebuit
878 384 966 469 urbi,
1105 403 1141 452 95

121 473 184 538 Sed
207 474 269 536 fuit
292 472 425 557 indicio,
448 477 605 555 quantum
627 473 702 557 tibi,
724 473 842 557 Roma,
865 473 989 537 liceret:

119 561 298 625 Admonuit
322 560 468 624 dominae
491 564 604 646 gentes
626 561 792 645 instarque
815 562 940 645 tropaei

120 649 262 713 Rettulit
284 649 433 734 ignotum
456 649 571 734 gelidis
593 650 733 735 vectigal
757 649 797 713 ab
822 650 896 714 oris,

188 736 260 800 Hoc
283 758 410 819 quoque
433 737 585 801 maiestas
608 738 752 823 augescit
775 738 870 821 plena
893 737 1036 823 Quirini,

120 826 275 890 Rectores
297 825 419 908 Libyae
442 826 563 909 populo
587 826 673 909 quod
695 826 799 890 iudice
821 826 944 910 pallent
1087 844 1144 892 100

120 913 166 978 Et
188 917 264 998 post
287 914 436 978 emeritas
459 914 642 977 moderator
665 915 800 997 quisque
824 936 950 979 secures

121 1002 304 1067 Discrimen
325 1002 421 1065 letale
445 1002 545 1065 subit:
570 1002 647 1085 quid
669 1002 797 1067 Poenus
821 1007 929 1067 111111

121 1089 287 1176 Intulerit,
309 1090 455 1154 madidus
479 1094 636 1173 quantum
659 1091 875 1155 transmiserit
897 1090 1028 1156 Auster.

120 1178 232 1243 Ardua
255 1179 311 1262 qui
333 1179 398 1243 late
421 1179 516 1243 terris
539 1200 693 1262 responsa
716 1179 841 1264 dedere,

121 1267 185 1331 Hic
208 1267 370 1351 trepidant
388 1267 540 1353 humiles3
563 1267 696 1331 tremuit
715 1289 796 1350 quos
814 1266 925 1331 Africa
942 1289 1062 1354 nuper,
1088 1287 1144 1336 105

124 1355 266 1421 01111111
289 1359 395 1420 101111
418 1377 499 1420 reos.
537 1353 616 1419 Cani
639 1355 815 1420 virtutibus
838 1356 908 1420 aevi

122 1444 292 1509 Materiam
314 1444 427 1528 pandit
450 1443 587 1509 Stilicho
610 1444 829 1527 populumque
852 1445 972 1509 vetusti

125 1532 282 1597 Culminis
305 1533 513 1597 inmemorem
536 1530 721 1596 dominandi
743 1554 855 1597 rursus
878 1533 913 1596 in
934 1555 1032 1597 usum

122 1622 267 1706 Excitat,
290 1625 327 1686 ut
350 1642 485 1708 magnos
509 1620 610 1685 calcet
632 1621 822 1684 metuendus
844 1620 997 1706 honores,
1160 1618 1161 1621 ’

122 1709 246 1774 Pendat
268 1709 394 1774 iustitia
417 1710 550 1794 crimen,
573 1708 692 1792 pietate
715 1709 860 1773 remittat
1088 1728 1145 1780 110

123 1798 277 1862 Errorem
299 1819 462 1881 purosque
485 1797 601 1881 probet
624 1796 816 1880 damnetque
839 1800 992 1862 nocentes

123 1886 169 1950 Et
191 1885 314 1969 patrias
336 1886 454 1950 iterum
478 1885 616 1949 clemens
640 1888 785 1950 exerceat
808 1890 901 1950 artes

190 1973 330 2037 Fallitur
353 1973 482 2059 egregio
506 1974 653 2056 quisquis
677 1974 737 2037 sub
760 1974 903 2058 principe
927 1973 1028 2039 credit

125 2061 307 2127 Servitium.
343 2060 530 2144 Numquam
552 2061 687 2125 libertas
710 2062 834 2148 gratior
857 2065 945 2126 extat

125 2149 228 2226 Quam
252 2149 312 2212 sub
336 2171 411 2235 rege
433 2149 496 2232 pio.
535 2147 622 2225 Quos
645 2150 792 2233 praeficit
813 2151 882 2234 ipse
905 2149 1056 2236 regendis
1089 2170 1146 2219 115

124 2238 249 2323 Rebus,
272 2237 312 2301 ad
335 2237 506 2301 arbitrium
528 2236 633 2321 plebis
656 2241 848 2322 patrumque
871 2239 994 2303 reducit

126 2325 342 2409 Conceditque
365 2325 483 2411 libens,
506 2325 629 2390 meritis
653 2348 709 2390 seu
731 2327 873 2411 praemia
895 2330 1029 2409 poscant

125 2416 189 2481 Seu
211 2415 326 2500 punire
348 2413 457 2478 velint.
494 2413 607 2479 Posito
630 2415 695 2478 iam
717 2437 860 2499 purpura
883 2416 970 2481 fastu

123 2505 173 2569 De
196 2526 230 2568 11
253 2503 407 2568 iudicium
428 2525 495 2567 non
517 2503 705 2590 indignatur
726 2503 846 2568 haberi.

125 2593 179 2660 Sic
202 2593 311 2658 docuit
334 2614 468 2679 regnare
492 2613 595 2677 socer,
619 2592 664 2656 sie
688 2595 781 2656 11111
804 2592 952 2656 iuventae
1088 2612 1146 2661 120

124 2681 229 2746 Frena
252 2681 352 2766 dedit,
374 2685 503 2745 teneros
527 2681 573 2743 sic
595 2679 740 2744 moribus
763 2679 868 2744 induit
891 2702 992 2745 annos

124 2769 242 2833 Verior
263 2767 406 2854 Augusti
428 2769 568 2856 genitor,
592 2767 709 2832 fiducia
731 2767 822 2853 belli,

124 2857 219 2921 Pacis
243 2856 426 2921 consilium:
449 2879 506 2941 per
530 2878 625 2939 quem
648 2856 797 2938 squalore
819 2860 943 2921 remoto

113 2939 268 3009 'Pristina
290 2945 457 3009 Romuleis
479 2945 625 3009 infloruit
648 2944 773 3008 artibus
796 2948 898 3030 aetas,

125 3034 189 3099 Per
212 3055 307 3116 quem
330 3033 433 3097 fracta
456 3034 511 3097 diu
533 3031 754 3115 translataque
776 3055 877 3116 paene
899 3037 1045 3116 potestas
1087 3053 1142 3102 125

123 3121 203 3186 Non
226 3121 328 3185 oblita
352 3123 402 3185 sui
426 3121 595 3186 servilibus
619 3122 727 3185 exulat
751 3122 849 3206 arvis,

125 3209 166 3274 In
188 3211 355 3294 proprium
379 3209 434 3273 sed
457 3211 552 3274 ducta
574 3210 675 3273 larem
698 3209 842 3273 victricia
865 3210 968 3274 reddit

125 3299 207 3362 Fata
231 3298 301 3362 solo
324 3298 506 3382 fruiturque
529 3299 659 3382 iterum,
683 3297 800 3380 quibus
823 3298 970 3363 haeserat
994 3300 1087 3386 olim,
1138 3350 1142 3356 .

124 3387 290 3471 Auspiciis
314 3387 475 3470 capitique
499 3386 638 3457 errantia
660 3386 803 3450 membra
826 3387 962 3472 reponit.

193 3475 343 3541 Proxime
367 3474 416 3539 dis
440 3475 565 3562 consul,
587 3477 696 3539 tantae
720 3475 776 3558 qui
793 3476 952 3559 prospieis
970 3476 1057 3562 urbi,
1089 3495 1145 3544 130
