2392 3870
138 139 230 195 XXVI
408 136 694 193 ADNOTATIONES
713 134 891 192 cumdem

157 304 192 353 74
210 297 340 369 mitimm]
355 296 499 366 praeclare
509 295 854 364 conservaveruntHW’,
870 313 936 351 cum
947 288 1057 366 reliqui
1065 299 1150 353 militur

210 368 334 434 tradent,
349 367 425 437 quod
438 367 546 437 recepit
558 367 672 421 Bittius.
700 368 751 420 sed
759 368 826 436 poet
835 368 1000 423 sententias
1010 369 1149 437 generales,

212 456 285 509 quae
303 438 429 493 versibus
445 443 478 492 77
494 440 524 492 et
537 442 572 494 73
590 437 777 506 continentur,
795 453 871 491 nunc
886 438 922 493 de
938 455 972 492 se
987 439 1053 509 ipso
1068 439 1149 508 suique

212 509 350 564 similibus
379 508 537 562 eunuchum
564 509 644 576 loqui
670 507 728 561 iem
755 507 841 562 verbu
865 509 928 564 Nos
953 510 1074 566 Lucina
1092 511 1150 582 fumi

211 580 389 650 apertissime
408 580 518 635 docent.
551 578 654 634 deinde
673 578 698 633 si
714 578 800 634 verbe
812 595 863 635 mc
877 621 884 635 .
896 622 920 635 ..
936 598 1022 637 amor
1035 581 1067 635 in
1080 598 1149 635 unum

211 652 387 706 enuntiatum
407 649 593 719 constringas,
612 648 761 718 sequentis
774 651 904 719 detlomit
918 654 980 706 on's
993 654 1091 724 gratio
1101 652 1149 705 bre-

210 722 300 776 vitate
318 722 451 775 laborent
469 723 499 775 ot
516 719 704 789 incomposite
722 719 829 775 iniecta
847 723 922 776 sunt.

157 800 191 847 91
211 793 243 847 Ε
257 795 363 865 germem
381 794 473 847 ditato
489 793 575 862 mari]
595 792 626 846 E
641 807 692 860 pro
711 793 752 847 Et
770 791 847 845 solus
865 790 920 861 P¹,
944 794 1027 860 quod
1045 793 1089 848 ite
1103 791 1150 863 pla

212 863 271 917 cuit
288 862 388 927 Bittio,
407 867 439 916 ut
457 862 487 915 in
505 864 614 915 textum
632 861 777 931 reciperet,
796 861 921 930 fecitque
940 863 1001 918 hoo
1019 867 1097 920 certe
1111 879 1148 918 suo

211 934 283 1001 iure;
302 949 393 1001 neque
412 933 474 1002 ipso
494 932 565 986 meri
584 932 692 986 ditatur
710 931 786 1002 Lais,
805 932 854 987 sed
872 932 1029 989 iuvenibus
1049 933 1149 990 emori

211 1010 359 1073 utroque
378 1003 542 1059 Corinthum
560 1002 746 1059 venientibus.

158 1081 192 1130 93
211 1077 299 1145 tactu]
325 1077 401 1130 iacta
424 1073 503 1128 nulla
525 1073 695 1128 auctoritate
719 1071 832 1127 adiutus
850 1072 999 1144 Heuptius
1023 1091 1150 1131 commm-

210 1145 305 1213 dabet,
315 1145 452 1214 pellectus
463 1145 526 1199 loco
535 1144 584 1198 illo
594 1143 713 1199 Horatii.
729 1145 778 1198 sed
787 1143 829 1197 ibi
838 1143 986 1200 fenestrae
997 1148 1150 1214 quatiuntur

211 1215 346 1284 iactibus,
370 1215 417 1270 hio
436 1217 470 1270 de
489 1216 576 1269 ianus
594 1214 703 1285 agitur3
731 1231 821 1284 noque
844 1215 937 1270 iactus
962 1217 1092 1286 pertinet
1106 1215 1149 1271 nisi

212 1287 249 1341 ed
267 1285 426 1342 remotiora.

140 1363 191 1414 108
209 1360 322 1428 rapido]
342 1374 377 1412 ne
396 1356 459 1426 quis
481 1357 579 1412 rabido
602 1356 754 1425 legendum
776 1357 871 1425 putet,
895 1358 1064 1414 conferetur
1084 1359 1148 1414 locus

210 1429 329 1499 Vergilii
348 1428 406 1482 Ecl.
426 1429 516 1494 1110,
542 1442 627 1496 quem
649 1430 747 1497 aperte
769 1428 865 1481 noster
890 1427 1027 1484 imitatus
1053 1433 1107 1486 est:
1130 1434 1149 1484 et

209 1503 308 1571 rapido
326 1502 406 1569 sessio
423 1500 583 1554 cursoribus
601 1505 686 1554 aesta

141 1577 192 1626 155
207 1571 393 1642 primamque]
413 1587 476 1624 cum
494 1569 635 1638 plerisque
661 1571 691 1623 et
708 1567 824 1638 optimis
847 1568 1026 1624 membranis
1048 1568 1148 1626 retinui

211 1641 408 1694 Abundantius
418 1641 494 1694 enim
503 1639 670 1708 Eutropium
683 1641 806 1709 primum
815 1637 935 1694 exitium
944 1640 1006 1695 sibi
1016 1641 1148 1711 produxit

212 1716 273 1766 tum
291 1713 333 1765 rei
371 1710 489 1766 ublicae.

140 1788 191 1837 156
210 1781 282 1836 nihi]
302 1784 331 1835 in
349 1729 402 1834 boc
421 1799 503 1836 versu
521 1781 689 1835 mutandum
706 1782 757 1836 est.
789 1780 977 1848 nequeenim
992 1783 1030 1836 ed
1043 1797 1147 1839 mmmm

209 1855 323 1908 tonores
340 1853 452 1905 trahere
472 1850 606 1905 debemus
625 1851 788 1920 genetivum
806 1853 936 1920 thalami,
955 1854 1010 1907 sed
1029 1854 1148 1924 spectant

210 1925 282 1977 haec
296 1922 333 1975 ad
347 1938 469 1976 summos
482 1921 676 1991 magistratus,
695 1922 797 1990 quibus
810 1921 920 1991 potitus
936 1925 983 1977 est
997 1923 1148 1995 Eutropius,

211 2010 294 2062 quem
315 1994 345 2046 et
366 1991 508 2046 consulem
527 1996 556 2046 et
573 1993 750 2062 praefectum
768 1994 912 2062 praetorio
937 1995 968 2046 et
991 1995 1149 2064 magistrum

210 2064 334 2118 militum
349 2062 437 2117 fuisse
452 2080 469 2117 e
482 2063 571 2118 Birtio
586 2063 735 2119 edocemur
753 2069 790 2134 (p.
806 2063 883 2117 XXX
901 2082 928 2120 n.
944 2070 960 2118 6
976 2067 1010 2118 et
1022 2065 1056 2120 in
1069 2064 1149 2120 indico

211 2135 263 2189 sub
282 2136 413 2193 nominet.
445 2134 533 2189 verbe
550 2138 646 2189 eutem
664 2152 736 2202 quoe
755 2137 821 2189 sunt
838 2135 872 2189 ab
886 2136 950 2190 imis
963 2136 1099 2192 thalamis
1113 2152 1149 2190 ex·

210 2206 392 2276 plicationem
405 2204 513 2260 hebent
525 2205 561 2259 iis
576 2222 648 2273 quae
662 2225 688 2259 v.
701 2210 841 2260 105-109
856 2205 892 2259 de
905 2222 1024 2262 munere
1039 2203 1150 2262 eunuchi

210 2280 296 2347 poete
312 2276 460 2346 prompsit.

139 2354 191 2404 177
209 2355 273 2405 oola
291 2348 363 2421 pate]
383 2347 578 2402 offendebatur
595 2346 639 2400 his
658 2345 774 2413 eutius,
794 2346 844 2400 sed
857 2352 920 2402 oola
934 2347 987 2401 alii
1002 2348 1083 2417 quod
1095 2363 1149 2418 pro

209 2415 1071 2558 ulit³³txttllt⁰¹32tlutttlrEmittit
1089 2419 1150 2544 hii

211 2564 307 2616 eutem
330 2562 407 2614 recte
424 2578 450 2614 v.
471 2560 497 2614 d.
517 2558 639 2628 monuit,
668 2557 716 2628 egi
740 2575 796 2612 non
822 2559 857 2612 de
880 2557 955 2613 votis
983 2561 1015 2613 et
1041 2557 1150 2615 somniis

210 2631 339 2700 Eutropii
359 2630 409 2684 sed
428 2630 561 2697 eliorum,
584 2629 681 2698 itaque
699 2628 865 2683 vertendum
884 2630 940 2682 est:
965 2646 1025 2684 was
1047 2633 1099 2698 fiir
1115 2631 1151 2687 die

215 2703 350 2758 Wc‘imclre
378 2703 426 2756 der
448 2702 596 2756 Memclrcm
622 2701 808 2771 mwrtrdgliclr
834 2701 895 2754 uod
921 2700 1003 2755 solbet
1029 2701 1082 2768 scir
1102 2702 1152 2756 me

214 2774 331 2828 Trdume
349 2773 563 2827 mrouedeolcbor
579 2774 623 2826 ist.
655 2770 733 2824 idem
752 2770 794 2824 Bi.
813 2769 843 2823 in
866 2769 958 2823 indico
976 2787 1004 2838 p.
1020 2775 1076 2826 558
1096 2770 1152 2842 pali

212 2842 341 2898 defendit
359 2841 637 2906 conletoRuf.117;
658 2841 697 2895 IV
716 2857 791 2896 cons.
807 2845 866 2894 177.
899 2842 975 2894 certe
993 2845 1066 2898 eatis
1084 2839 1152 2912 quod

208 2915 298 2968 hebet
315 2912 488 2981 Isengrinius
505 2912 612 2967 nemini
630 2911 763 2981 placebit.

140 2990 192 3039 175
211 2982 399 3039 Buechelerus
418 2983 505 3038 verbe
526 2983 582 3053 Qui
596 3026 602 3038 .
614 3025 638 3040 ..
653 2983 810 3038 dissimulat
827 2981 858 3035 in
875 2998 961 3036 unum
986 2985 1154 3039 sententium

211 3052 410 3123 comprehendi
436 3052 523 3108 iubet.
563 3055 683 3107 atvero
706 3053 778 3106 illud
801 3058 910 3108 tamtum
927 3070 953 3108 v.
969 3058 1023 3107 174
1045 3068 1154 3124 prorsus

212 3125 314 3195 exigit,
338 3126 367 3177 ni
385 3124 482 3192 fallor,
510 3123 565 3178 sibi
583 3124 689 3193 opponi
707 3140 805 3178 vocem
823 3124 908 3191 millii,
935 3139 1009 3191 quae
1033 3130 1115 3182 extet
1129 3125 1155 3178 in

213 3196 344 3264 sequenti
361 3212 452 3250 versu.

140 3272 191 3321 178
209 3267 372 3338 pemesmmtl
393 3266 416 3319 E
436 3267 465 3320 et
483 3264 516 3331 G,
544 3265 621 3332 quod
645 3263 753 3333 recepi,
781 3263 890 3332 quieE
914 3281 1052 3319 summam
1076 3266 1153 3321 inre

211 3336 432 3406 orthographica
445 3335 534 3389 hebet
548 3335 763 3401 auctoritatem
779 3335 814 3389 cf.
826 3335 1015 3389 ‘tremescere’
1032 3336 1063 3390 in
1078 3335 1154 3392 codd.

210 3407 396 3477 Vergilianis,
423 3405 536 3462 similia.
569 3404 666 3475 iteque
686 3405 773 3460 etiam
792 3407 822 3460 in
840 3405 935 3474 Raptu
949 3405 1057 3463 111130
1075 3425 1154 3480 geme·

212 3487 292 3535 emm
310 3477 431 3533 restitui.
