2392 3870
76 167 274 224 1111111111
282 167 458 223 1111111111
468 166 743 238 corrosorum,
754 185 777 223 0.
785 167 1002 224 XLVI-XLIX.
1022 169 1089 233 255
1111 183 1117 206 ·

459 381 581 436 mun.
601 381 704 452 (11111.)

75 515 129 572 DE
158 510 265 572 ZONA
291 512 388 582 novi
415 513 528 574 ancli
552 514 673 573 MISSA
695 510 875 573 Honorio
899 512 1087 574 Avcvsro

470 620 499 679 A
523 620 690 680 SERENA.
823 661 825 666 ,

75 737 194 822 Accipe
216 760 315 822 parva
338 742 425 825 tuae,
448 738 596 823 princeps
619 739 809 824 venerande,
833 739 954 803 sororis

119 827 267 912 Munera,
291 828 543 910 quaemanibus
566 828 669 892 texuit
692 827 763 911 ipsa
787 827 866 913 suis,
902 840 908 851 ’

73 916 223 1000 Dumque
247 938 325 980 auro
348 916 512 1003 phalerae,
535 917 670 1003 gemmis
694 916 770 981 dum
792 917 882 981 frena
905 916 1067 1002 renident,

117 1005 189 1070 Hac
210 1010 338 1069 uterum
361 1027 441 1069 zona
465 1006 557 1091 cinge
579 1005 746 1069 trementis
769 1005 856 1091 equi,

75 1093 148 1158 Sive
170 1094 264 1157 illum
287 1091 450 1158 Armeniis
473 1094 622 1157 aluerunt
645 1094 792 1179 gramina
816 1095 936 1178 campis
1071 1110 1088 1158 5

118 1182 279 1245 Turbidus
302 1180 430 1268 Argaea
453 1205 509 1246 seu
532 1182 604 1246 nive
627 1181 707 1246 lavit
730 1180 847 1266 Halys,

74 1270 258 1356 Sanguineo
281 1270 398 1334 virides
421 1293 532 1334 morsu
554 1292 681 1334 versare
705 1271 891 1356 smaragdos

117 1359 163 1422 Et
186 1358 284 1441 Tyrio
308 1358 441 1444 dignum
464 1364 556 1445 terga
578 1359 692 1422 rubere
715 1363 796 1422 tore.

75 1446 101 1510 O
126 1451 283 1530 quantum
306 1447 427 1512 formae
451 1448 513 1512 sibi
538 1447 683 1512 conscius
707 1448 803 1533 erigit
826 1470 932 1512 armos

120 1535 251 1621 Spargit
275 1539 306 1598 et
330 1536 472 1600 excussis
497 1537 580 1600 colla
603 1537 740 1619 superba
762 1537 861 1600 iubis!
1054 1553 1087 1602 10

74 1622 230 1710 Augescit
254 1624 396 1689 brevitas
420 1625 495 1689 doni
517 1626 637 1709 pietate
662 1624 812 1711 Serenae,

120 1713 207 1790 Quae
231 1713 378 1806 volucres
402 1714 499 1777 etiam
521 1714 677 1777 fratribus
702 1718 794 1778 ornat
818 1735 927 1797 equos

464 1905 558 1962 111111.
578 1905 695 1975 (mvi.)

422 2021 476 2079 DE
501 2019 740 2080 TORPEDINE.

142 2121 220 2198 Quis
242 2144 309 2186 non
331 2122 521 2186 indomitam
545 2123 631 2187 dirae
653 2122 830 2206 torpedinis
854 2126 956 2186 artem

73 2209 186 2274 Audiit
210 2215 241 2274 et
264 2211 380 2275 merito
404 2211 547 2298 signatas
569 2212 698 2276 nomine
721 2212 827 2276 vires?
963 2212 965 2215 ’

139 2297 200 2363 Illa
224 2299 352 2382 quidem
374 2301 483 2365 mollis
506 2301 660 2387 segnique
683 2301 801 2365 obnixa
823 2304 937 2363 natatu

71 2388 193 2471 Reptat
216 2393 248 2452 et
272 2389 393 2453 attritis
416 2390 471 2453 vix
493 2385 645 2475 languida
668 2390 767 2472 serpit
790 2388 926 2452 harenis.

74 2475 136 2540 Sed
158 2477 245 2541 latus
269 2478 405 2541 armavit
428 2478 534 2564 gelido
557 2482 672 2541 natura
694 2498 830 2561 venene,
1068 2491 1086 2538 5

72 2566 117 2629 Et
140 2566 258 2651 frigus,
282 2588 346 2648 quo
370 2570 484 2629 cuncta
507 2566 614 2651 rigent
638 2568 773 2650 armata,
795 2563 945 2627 medullis
1090 2561 1093 2568 ’

72 2653 204 2716 Miscuit
228 2657 260 2716 et
283 2654 430 2736 proprias
451 2653 573 2717 hiemes
595 2676 653 2736 per
674 2653 796 2717 viscera
819 2652 918 2716 duxit.

72 2740 233 2804 Naturam
254 2741 344 2804 iuvat
367 2741 437 2825 ipsa
461 2742 543 2805 dolis
567 2745 598 2804 et
622 2741 748 2805 conscia
774 2741 870 2805 sortis

72 2829 186 2892 Vtitur
207 2829 337 2914 ingenio
360 2829 519 2915 longeque
543 2834 672 2894 extenta
694 2852 752 2914 per
774 2831 864 2915 algas

72 2917 209 2981 Attactu
233 2919 353 2981 confisa
376 2918 471 2983 subit.
508 2917 677 2982 inmobilis
700 2919 822 2983 haeret:
1050 2934 1083 2982 10

74 3006 135 3083 Qui
158 3006 293 3093 tetigere
315 3007 428 3071 iacent.
465 3006 620 3072 Successu
642 3009 726 3071 laeta
749 3007 889 3094 resurgit

72 3097 117 3160 Et
141 3097 232 3161 vivos
254 3096 384 3180 impune
408 3096 498 3160 ferox
522 3097 704 3180 depascitur
727 3101 825 3160 artus.

141 3184 174 3249 Si
199 3185 325 3268 quando
349 3186 466 3249 vestita
490 3186 570 3249 cibis
592 3185 753 3249 incautior
775 3208 848 3249 aera

73 3273 226 3338 Hauserit
251 3278 282 3338 et
306 3275 411 3338 curvis
434 3275 552 3338 frenari
577 3275 711 3338 senserit
734 3274 852 3360 hamis,

72 3362 149 3425 Non
171 3363 256 3448 fugit
279 3367 335 3427 aut
357 3385 440 3427 vano
464 3368 598 3427 conatur
620 3364 736 3428 vellere
759 3386 882 3449 morsu,
1049 3380 1083 3428 15

147 3541 179 3589 10
199 3536 287 3607 subit]
307 3539 433 3606 Birtius;
452 3556 510 3592 suo.
