2392 3870
119 188 186 253 214
211 187 359 243 CLAVDII
377 186 577 244 CLAVDIANI
594 187 781 260 (xxvl.)1>u
800 189 929 248 BuLLO
949 191 1124 252 GOTHIGO.
1149 149 1152 155 ·

120 351 337 435 Desertosque
359 351 443 415 lares
467 357 499 415 et
522 351 659 437 pignora
682 351 768 416 laeta
790 352 957 421 revisunt.
1107 378 1153 427 aaa

119 440 256 504 Miratur
280 463 338 504 sua
362 462 519 523 quemque
543 440 656 505 domus
680 440 849 525 cladesque
874 453 1064 514 renarrant

121 528 253 612 Omina
277 534 346 593 tum
369 529 454 615 grati
478 529 621 593 refenmt
643 529 797 593 miracula
820 529 915 597 belli.

151 664 155 674 .
188 616 266 692 Quis
290 618 350 681 tibi
374 623 460 702 tunc,
483 617 620 702 Aleriae,
644 618 744 704 dolor,
770 641 843 682 cum
867 619 988 689 Marte
1013 628 1153 710 perirent

119 705 259 769 Divitiae
284 706 460 789 spoliisque
484 706 539 770 diu
562 707 707 790 quaesita
730 707 880 791 supellex

119 793 331 877 Pulsaretque
355 798 428 858 tuas
451 796 596 859 ululatus
620 796 766 882 coniugis
789 817 906 883 aures,
1110 822 1153 873 <325

121 882 292 968 Coniugis,
315 884 435 947 invicto
460 883 579 947 dudum
603 906 684 967 quac
706 885 789 949 freta
812 887 941 952 marito

119 971 258 1035 Demens
281 970 484 1036 Ausonidum
507 977 668 1059 gemmata
691 973 825 1038 monilia
847 981 1009 1044 matrum

120 1060 346 1145 Romanasque
370 1062 436 1124 alta
459 1062 596 1125 famulas
620 1062 741 1129 cervice
763 1062 915 1151 petebat3

122 1148 252 1213 Scilicet
275 1149 446 1237 Argolicas
469 1150 753 1234 Ephyreiadasque
775 1151 906 1234 puellas

121 1237 277 1322 Coeperat
301 1245 333 1303 et
356 1239 507 1322 pulchras
531 1239 596 1302 iam
618 1239 762 1304 fastidire
784 1239 984 1311 Lacaenas
1109 1269 1154 1319 630

120 1326 183 1392 Sed
206 1328 263 1391 dea
289 1350 369 1411 quae
391 1328 500 1391 m'miis
525 1328 635 1392 obstat
657 1328 857 1393 Rhamnusia
881 1335 982 1399 votis

119 1415 281 1503 Ingemuit
304 1417 457 1500 flexitque
480 1421 598 1480 rotam:
622 1417 731 1481 domat
753 1438 867 1500 aspera
890 1421 1013 1490 victos

118 1504 305 1590 Pauperies‚
329 1528 457 1589 unoque
481 1505 530 1568 die
553 1506 699 1569 Romana
721 1505 867 1590 rependit

121 1593 284 1678 Quidquid
306 1598 356 1658 ter
379 1594 468 1658 denis
492 1594 575 1658 acies
599 1594 708 1659 amisit
730 1595 765 1658 in
787 1594 890 1660 annis.

187 1682 213 1746 0
238 1684 428 1747 celebranda
450 1685 530 1747 mihi
554 1683 677 1748 cunctis
699 1683 860 1749 Pollentia
886 1691 1034 1759 saeclis!
1107 1714 1154 1765 aas

119 1769 146 1834 0
170 1772 321 1835 meritum
343 1775 473 1836 nomen!
497 1773 645 1836 felicibus
669 1778 744 1856 apta
766 1772 968 1857 triumphis!
1069 1770 1072 1775 ’

119 1857 260 1924 Virtutis
284 1861 382 1924 fatale
407 1863 524 1945 solum,
547 1861 754 1926 memorabile
777 1861 913 1926 bustum

118 1947 305 2012 Barbariae!
342 1949 428 2014 Nam
451 1972 544 2033 saepe
568 1951 647 2014 locis
671 1972 708 2015 ac
731 1949 849 2014 finibus
874 1951 949 2017 illis

118 2036 218 2100 Plena
241 2038 391 2100 lacessito
416 2038 508 2101 rediit
531 2039 672 2103 vindicta
696 2039 837 2115 Quirino

120 2123 192 2188 Illic
216 2123 334 2188 Oceani
358 2127 481 2211 stagnis
505 2128 608 2190 excita
632 2127 788 2211 supremis
1092 2139 1156 2210 '640

121 2213 280 2277 Cimbrica
303 2218 477 2297 tempestas
501 2215 580 2278 alias
604 2218 720 2281 emissa
742 2239 799 2300 per
821 2214 924 2300 Alpes

57 2357 60 2364 .
119 2301 225 2366 Isdem
248 2303 420 2387 procubuit
445 2304 574 2387 campis.
610 2304 680 2369 Iam
701 2306 849 2389 protinus
873 2312 972 2375 aetas

119 2391 301 2457 Adveniens
325 2392 470 2479 geminae
494 2394 600 2479 gentis
622 2395 812 2478 permisceat
836 2416 911 2459 ossa

118 2482 163 2546 Et
187 2483 329 2567 duplices
354 2483 463 2569 signet
482 2483 596 2547 titulos
620 2505 787 2547 commune
808 2487 1004 2567 tropaeum:

120 2571 193 2635 ‘Hic
219 2572 365 2636 Cimbros
389 2574 553 2655 fortesque
577 2571 689 2657 Getas,
713 2570 889 2637 Stilichone
914 2591 1123 2669 peremptos

118 2660 164 2723 Et
186 2661 290 2725 Mario
314 2662 409 2725 claris
433 2662 580 2746 ducibuS,
603 2661 686 2747 tegit
706 2659 789 2725 Itala
811 2661 920 2727 tellus.
1105 2694 1157 2744 646

119 2748 242 2813 Discite
265 2772 400 2814 vesanae
423 2750 560 2814 Romam
582 2772 649 2813 non
671 2754 811 2814 temnere
837 2755 979 2836 gentes?

192 2946 243 2994 634
262 2940 357 2995 amisit
376 2942 417 3014 in]
436 2945 550 3012 scripai;
569 2941 720 2998 amisimus.
