2392 3870
80 156 125 220 44
404 155 550 212 CLAVDII
568 155 768 212 CLAVDIANI

80 317 224 403 Atropos
248 322 281 382 et
303 318 455 383 Lachesis
478 318 633 404 iungebat
657 317 795 381 stamina
819 314 940 403 dictis):

82 406 167 472 ‘Nec
190 411 233 493 te,
254 406 368 492 Roma,
392 406 446 469 diu
469 411 582 471 necte
605 407 765 489 patiemur
787 405 935 491 inultam,

81 494 201 559 Africa.
248 493 458 559 Communem
480 499 663 578 prosternet
686 494 851 559 Honorius
874 495 1010 561 hostem.
1044 513 1096 562 aas

80 583 211 670 Pergite
235 605 372 647 securae.
417 582 573 646 Vestrum
594 583 644 647 vis
666 583 757 647 nulla
780 586 925 647 tenorem

82 671 216 756 Separat
239 676 271 736 et
295 672 357 735 soli
380 671 591 736 famulabitur
613 669 725 735 Africa
747 671 890 736 Romae?

147 760 239 825 Dixit
262 764 295 824 et
317 759 448 824 adflavit
470 759 608 824 Romam
629 759 762 824 meliore
785 760 923 826 iuventa.

83 848 244 914 Continuo
267 849 351 912 redit
373 849 429 913 ille
452 848 546 934 vigor
570 848 714 930 seniique
737 848 877 912 colorem

81 937 248 1002 Mutavere
271 959 388 1001 comae.
435 935 613 1002 Solidetam
637 937 735 1000 orista
757 958 929 1023 resurgens
1044 959 1095 1007 210

81 1026 196 1090 Erexit
219 1026 344 1111 galeam
368 1025 526 1108 clipeique
548 1025 714 1089 recanduit
738 1025 826 1088 orbis

82 1115 128 1179 Et
150 1113 231 1180 levis
255 1135 389 1177 excussa
411 1113 524 1178 micuit
547 1113 697 1199 rubigine
721 1134 845 1179 cornus.

147 1201 303 1266 Vmentes
325 1202 391 1266 iam
412 1202 518 1266 noctis
542 1224 642 1284 equos
664 1201 868 1286 Lethaeaque
892 1203 1031 1270 Somnus

81 1289 186 1356 Frena
208 1312 323 1377 regens
345 1290 446 1355 tacito
468 1290 620 1355 volvebat
644 1291 747 1354 sidera
771 1311 874 1356 curru.

16 1376 20 1383 ’
81 1377 151 1443 Iam
174 1379 237 1444 duo
262 1379 409 1443 divorum
430 1400 588 1463 proceres,
611 1379 776 1461 maiorque
799 1381 968 1465 minorque
1044 1400 1095 1447 ais

82 1467 264 1554 Theodosii,
285 1489 397 1552 pacem
419 1467 519 1532 laturi
541 1467 693 1554 gentibus
715 1467 816 1554 ibant,

83 1556 145 1634 Qui
167 1555 255 1621 Iovis
278 1577 412 1621 arcanos
434 1556 578 1621 monitus
601 1555 815 1639 mandataque
837 1557 958 1622 ferrent

81 1643 251 1708 Fratribus
275 1648 307 1709 et
330 1644 467 1731 geminis
492 1644 653 1709 sancirent
675 1643 805 1710 foedera
827 1647 948 1733 regnis:
1062 1685 1064 1689 .

83 1731 137 1798 Sic
160 1754 233 1796 cum
255 1733 446 1817 praecipites
469 1736 572 1797 artem
593 1732 698 1798 vicere
722 1734 883 1816 procellae

80 1819 290 1903 Adsiduoque
314 1842 444 1907 gemens
466 1820 626 1885 undarum
648 1821 780 1886 verbere
802 1826 897 1888 nutet
1043 1842 1096 1890 aaa

80 1907 283 1974 Descensura
306 1909 395 1993 ratis,
419 1929 512 1973 caeca
535 1908 595 1972 sub
618 1912 714 1974 nocte
736 1911 843 1974 vocati

80 1997 249 2083 Naufraga
271 1996 388 2060 Ledaei
411 2000 595 2062 sustentant
618 1997 690 2062 vela
711 1997 864 2065 Lacones.

84 2085 231 2152 Oiroulus
254 2089 291 2149 ut
313 2085 420 2169 patuit
442 2085 561 2171 Lunae,
585 2107 713 2150 secuere
735 2091 861 2152 meatus

82 2174 249 2239 Diversus:
273 2172 374 2239 Italas
397 2174 505 2238 senior
526 2174 679 2239 tendebat
701 2175 736 2239 in
759 2197 846 2260 oras3

81 2262 128 2328 At
150 2266 251 2347 pater,
273 2263 449 2327 intrantem
466 2261 609 2328 Pontum
632 2285 696 2346 qua
713 2263 902 2347 Bosphorus
926 2269 1020 2350 artat,
1045 2283 1095 2330 aas

81 2351 213 2417 Arcadii
235 2351 388 2415 thalamis
410 2350 548 2434 urbique
569 2351 716 2434 inlapsus
739 2351 835 2417 lloae.

51 2490 55 2498 .
83 2440 185 2518 Quem
209 2440 344 2505 simulac
366 2439 447 2506 vidit
469 2443 566 2505 natus
590 2437 679 2526 (nam
703 2440 789 2505 clera
810 2441 936 2506 nitebat

84 2527 247 2616 Cynthia),
269 2529 430 2614 permixto
453 2532 654 2594 tremuerimt
677 2528 795 2615 gaudia
816 2529 896 2595 fletu

83 2617 324 2702 complexuque
346 2618 469 2704 fovens,
492 2639 574 2701 quos
597 2626 664 2682 non
686 2622 879 2704 speraverat,
901 2622 992 2684 artus

84 2706 128 2771 ‘0
152 2706 233 2770 mihi
254 2711 330 2790 post
352 2704 453 2790 Alpes
475 2727 562 2771 mmo
584 2706 725 2790 primum
747 2705 879 2792 reddite,
902 2707 993 2792 dixit,
1044 2723 1096 2772 230

83 2794 176 2860 Vnde
199 2794 266 2858 tuis
290 2797 422 2878 optatus
445 2795 542 2860 ades?
578 2795 619 2860 da
641 2798 774 2881 tangere
798 2795 953 2882 dextram,

83 2883 153 2961 Qua
175 2887 288 2970 gentes
312 2882 451 2948 cecidere
473 2883 568 2948 ferae.
614 2881 693 2958 Quis
715 2883 781 2947 tale
803 2883 940 2949 removit

81 2972 282 3038 Praesidium
304 2972 423 3036 terris?
458 2970 506 3036 Vt
527 2975 560 3037 te
582 2970 734 3037 mortalia
755 2971 880 3056 pridem

82 3059 263 3144 Implorant
285 3059 446 3147 longeque
469 3060 559 3144 pium
582 3059 764 3143 fortemque
786 3059 985 3144 requinmtl'

152 3148 211 3213 cui
233 3152 326 3233 pater
348 3149 384 3214 in
405 3149 487 3214 tales
510 3148 599 3232 rupit
622 3148 762 3233 suspiria
783 3170 892 3214 voees:
1045 3165 1097 3213 aas

83 3238 171 3303 ‘Hoc
194 3238 284 3302 erat?
320 3239 356 3303 in
377 3237 494 3302 fratres
516 3236 622 3301 medio
644 3237 804 3303 discordia
826 3237 941 3302 Mauro

83 3326 238 3392 Nascitur
260 3329 292 3391 et
315 3325 454 3391 mundus
477 3347 693 3412 germanaque
716 3326 850 3391 dissidet
872 3326 968 3390 aula?

84 3416 272 3481 Gildonisne
296 3416 384 3480 salus
407 3414 491 3479 tanti
514 3414 557 3478 sit
580 3413 688 3498 palma
710 3414 853 3479 funeris?

83 3503 213 3571 Scilicet
236 3505 386 3592 egregius
409 3525 536 3568 morum
558 3525 740 3590 magnoque
763 3502 915 3567 tuendus
