2392 3870
58 153 208 224 (xxxiv.)
227 153 275 206 on
290 152 412 207 anrrv
426 152 681 207 Paosanpmnn
696 119 823 209 sanas.
837 154 936 208 mam
950 140 992 209 Π,
1008 155 1073 219 271

57 316 228 402 Lugebant
252 320 361 398 erepta
385 316 448 379 sibi
471 316 591 380 solacia
613 315 815 400 Nymphae,-

104 403 307 480 Quaerebant
327 405 439 472 ¹dulces
462 405 596 468 flumina
618 408 741 467 maesta
763 404 908 472 modos..

58 493 159 557 Saeva
183 493 260 556 feris
282 498 399 556 natura
422 493 504 556 redit
527 497 738 575 metuensque
760 493 886 557 leonem
1055 511 1073 559 a

36 628 37 631 ,
101 581 258 665 implorat
282 582 423 645 citharae
446 603 543 646 vacca
564 581 702 645 tacentis
726 603 828 664 opem.

57 670 151 734 Illius
175 674 207 733 et
231 671 301 733 duri
325 672 440 734 flevere
465 670 594 734 silentia
616 674 743 733 montes
788 680 793 688 '

102 758 254 841 Silvaque
277 758 460 823 Bistoniam
484 781 578 842 saepe
602 763 711 822 secuta
735 758 859 842 chelyn.

58 900 127 964 Sed
142 904 316 984 postquam
338 900 480 964 Inachiis
503 900 634 965 Alcides
656 902 775 964 missus
800 899 840 962 ab
863 898 962 986 Argis

100 989 236 1052 Thracia
258 989 399 1073 pacifero
424 989 562 1075 contigit
586 1012 662 1053 arva
684 989 763 1073 pede

55 1079 199 1159 Diraque
223 1078 391 1163 sanguinei
414 1078 512 1141 vertit
534 1077 721 1160 praesaepia
743 1078 829 1163 regis

100 1166 144 1228 Et
167 1165 361 1228 Diomedeos
384 1166 529 1250 gramine
551 1165 641 1249 pavit
664 1186 778 1248 equos,

56 1254 146 1317 Tunc
168 1253 293 1336 patriae
316 1254 400 1316 festo
424 1254 564 1316 laetatus
587 1257 731 1336 tempore
754 1256 845 1316 vates

100 1342 259 1405 Desuetae
282 1343 399 1425 repetit
422 1342 478 1404 fila
502 1363 618 1405 canora
641 1341 730 1424 lyrae

56 1431 100 1493 Et
124 1431 243 1493 resides
267 1430 329 1492 levi
353 1430 537 1493 modulatus
560 1429 686 1514 pectine
708 1451 825 1493 nervos

100 1519 222 1582 Pollice
245 1518 363 1582 festivo
386 1518 495 1582 nobile
519 1519 610 1582 duxit
633 1518 721 1582 ebur,

56 1608 120 1670 Vix
144 1607 273 1670 auditus
297 1611 378 1670 erat:
402 1608 490 1670 venti
513 1608 681 1670 frenantur
704 1611 736 1670 et
759 1605 876 1690 undae,

101 1696 230 1781 Pigrior
254 1695 417 1759 adstrictis
440 1695 565 1778 torpuit
588 1695 718 1758 Hebrus
742 1694 848 1779 aquis,

56 1785 204 1848 Porrexit
226 1783 384 1867 Rhodope
408 1784 554 1848 sitientes
578 1784 719 1848 carmina
741 1805 851 1868 rupes,

100 1873 253 1935 Excussit
277 1872 399 1958 gelidas
422 1873 556 1956 pronior
579 1872 661 1935 Ossa
682 1873 787 1958 nives3

56 1961 166 2024 Ardua
187 1960 309 2024 nudato
335 1960 497 2024 descendit
519 1962 660 2045 populus
682 1961 806 2025 Haemo

100 2050 144 2112 Et
169 2050 318 2113 comitem
343 2072 495 2132 quercum
517 2050 613 2133 pinus
637 2050 738 2114 amica
761 2050 876 2135 trahit,

57 2138 289 2221 Cirrhaeasque
313 2139 362 2201 dei
386 2139 531 2221 quamvis
556 2139 736 2222 despexerit
760 2143 858 2224 artes,

102 2225 238 2310 Orpheis
261 2227 372 2290 laurus
395 2227 530 2291 vocibus
554 2232 625 2291 acta
648 2227 745 2309 venit.
769 2255 772 2261 ·

56 2314 209 2378 Securum
232 2316 343 2387 blandi
366 2317 508 2399 leporem
532 2317 639 2381 fovere
662 2317 797 2380 molossi

98 2404 313 2487 Vicinumque
336 2405 413 2488 lupo
437 2405 586 2488 praebuit
610 2426 694 2490 agna
718 2405 813 2468 latus.

57 2492 237 2556 Concordes
260 2494 349 2557 varia
371 2493 488 2556 ludunt
512 2516 584 2556 cum
608 2492 725 2577 tigride
750 2492 907 2575 dammae3

98 2580 275 2663 Massylam
300 2581 383 2643 cervi
406 2603 473 2644 non
495 2581 631 2643 timuere
653 2578 772 2643 iubam.

53 2720 113 2784 Ille
136 2721 321 2784 novercales
346 2720 496 2784 stimulos
521 2725 676 2804 actusque
700 2721 834 2783 canebat

98 2809 248 2872 Herculis
272 2812 304 2871 et
327 2809 406 2871 forti
428 2813 574 2872 monstra
598 2809 732 2873 subacta
746 2831 865 2886 manu,

10 2963 14 2979 ,
55 2898 148 2973 Quod
170 2897 302 2960 timidae
325 2898 422 2960 matri
436 2919 574 2980 pressos
599 2897 774 2962 ostenderit
798 2920 918 2983 angues

98 2985 346 3068 Intrepidusque
369 2986 437 3049 fero
461 2986 570 3050 riserit
594 3009 648 3051 ore
672 3008 764 3071 puer:

55 3075 111 3138 ‘Te
134 3097 237 3157 neque
261 3074 412 3138 Dictaeas
437 3074 584 3157 quatiens
608 3075 788 3161 mugitibus
810 3075 907 3138 urbes

99 3164 224 3226 Taurus
246 3185 306 3226 nec
330 3162 436 3249 Stygii
459 3164 576 3227 terruit
598 3165 647 3227 ira
671 3164 774 3248 canis,

53 3251 130 3315 Non
153 3253 203 3315 leo
228 3251 369 3315 sidereos
393 3252 473 3317 caeli
496 3252 659 3317 rediturus
683 3252 723 3315 ad
746 3274 834 3338 axes,
1037 3271 1070 3319 35

97 3339 175 3403 Non
196 3339 409 3423 Erymanthei
432 3340 538 3426 gloria
560 3341 682 3405 montis
705 3363 789 3424 aper.

57 3428 164 3491 Solvis
187 3427 382 3494 Amazonios
406 3429 530 3492 cinctus
537 3429 811 3515 ,Stymphalidas
835 3451 911 3492 arcu

101 3516 251 3602 Adpetis,
276 3517 408 3581 occiduo
433 3518 522 3581 ducis
547 3519 587 3582 ab
612 3518 689 3582 or'be
712 3540 827 3604 greges
