2392 3870
48 160 196 231 (XXXIII.)
215 158 263 212 DE
282 160 406 214 RAPTV
424 157 678 221 PROSDRPINAE
699 157 807 211 LIBER
825 157 971 212 PRIMVS.
997 157 1062 223 269

48 323 101 386 Me
126 344 253 405 quoque
278 343 370 404 saepe
394 321 487 384 soles.
522 320 587 384 Cur
608 319 724 383 ultima
746 342 846 405 regna
871 319 1062 402 quiescunt?

48 411 150 475 Nulla
173 411 216 473 sit
238 410 381 473 inmunis
404 410 494 494 regio
517 410 707 492 nullumque
731 408 791 471 sub
814 407 938 471 umbris
1010 424 1063 475 225

49 499 167 562 Pectus
190 499 394 562 inaccensum
416 497 544 562 Veneri.
581 497 650 560 lani
673 496 777 560 tristis
800 496 921 579 Erinys

49 586 175 651 Sentiat
199 586 341 672 ardores3
363 585 514 649 Acheron
535 586 686 669 Ditisque
709 584 810 649 severi

49 675 166 738 Ferrea
189 675 318 738 lascivis
340 675 532 739 mollescant
555 674 651 738 corda
675 673 826 759 sagittis?

116 763 284 827 Accelerat
307 767 477 846 praecepta
499 762 624 848 Venus3
646 763 801 845 iussuque
824 762 966 846 parentis

50 852 158 934 Pallas
182 857 213 915 et
236 852 354 915 inflexo
379 874 459 934 quae
482 856 582 915 terret
604 851 752 915 Maenala
775 872 875 914 cornu
1014 865 1066 914 230

50 940 183 1004 Addunt
208 962 240 1003 se
265 942 407 1004 comites.
444 940 564 1004 Divino
589 941 703 1004 semita
725 961 839 1025 gressu

53 1028 191 1113 claruit,
215 1030 385 1114 augmium
410 1029 514 1111 qualis
538 1030 663 1092 laturus
686 1028 835 1110 iniquum

51 1118 191 1199 Praepes
215 1117 391 1202 sanguineo
415 1116 570 1180 dilabitur
592 1117 667 1202 igne
691 1119 830 1179 cometes

52 1206 235 1290 Prodigiale
259 1205 391 1269 rubens:
413 1227 481 1268 non
503 1205 597 1267 illurn
619 1204 729 1268 navita
751 1207 838 1286 tuto,

52 1293 129 1358 Non
151 1294 282 1376 impune
305 1293 414 1356 vident
437 1293 564 1378 populi,
588 1293 644 1356 sed
666 1292 752 1374 crine
775 1291 892 1355 minaci
1013 1306 1066 1355 235

53 1381 193 1445 Nuntiat
209 1386 272 1444 aut
295 1381 420 1445 ratibus
444 1385 558 1445 ventos
582 1385 637 1444 aut
660 1380 796 1444 urbibus
819 1378 938 1443 hostes.

54 1470 217 1533 Devenere
240 1470 361 1553 locum,
386 1469 510 1534 Cereris
535 1491 599 1552 quo
621 1473 708 1533 tecta
729 1468 877 1532 nitebant

56 1557 233 1640 Cyclopum
255 1559 383 1621 firmata
405 1581 516 1621 manu:
540 1562 628 1621 stant
652 1558 750 1621 ardua
773 1558 858 1620 ferro

55 1646 196 1731 Moenia,
219 1638 331 1710 ferrati
354 1651 478 1731 postes,
500 1647 708 1728 inmensaque
730 1645 832 1709 nectit

57 1735 206 1798 Claustra
225 1734 368 1817 chalybs.
399 1735 536 1810 Nullum
554 1739 646 1798 tanto
671 1734 786 1798 sudore
808 1733 995 1818 Pyragmon
1017 1747 1069 1796 240

55 1823 125 1888 Nec
147 1821 299 1907 Steropes
323 1824 504 1887 construxit
527 1846 621 1907 opus:
644 1845 711 1886 non
732 1821 854 1886 talibus
877 1842 1030 1904 umquam

57 1910 224 1995 Spiravere
248 1911 345 1976 Notis
369 1913 493 1976 animae
516 1934 574 1975 nec
597 1912 728 1975 flumine
750 1914 842 1975 tanto

13 2069 21 2084 ‚
56 1998 223 2063 lncoctum
247 2001 370 2064 maduit
393 2001 479 2064 lassa
503 2000 624 2064 cervice
646 2001 821 2064 metallum.

57 2088 153 2151 Atria
177 2089 278 2175 cingit
301 2088 393 2174 ebur3
416 2088 565 2167 trabibus
588 2088 746 2152 solidatur
769 2089 857 2152 aenis

59 2176 195 2240 Oulmen
217 2181 249 2240 et
272 2176 306 2241 in
329 2178 431 2243 celsas
454 2182 592 2264 surgrmt
615 2178 733 2241 electra
756 2179 947 2246 columnas.⁴
1019 2191 1071 2239 245

116 2263 210 2366 Jpaa
223 2266 354 2330 domurn
376 2271 487 2330 tenero
510 2268 654 2346 mulcens
677 2266 871 2349 Proserpina
895 2269 992 2328 cantu

57 2352 160 2416 Inrrta
183 2356 313 2418 texebat
336 2356 496 2420 rediturae
519 2378 652 2419 munera
674 2354 778 2418 matri.

58 2441 121 2505 Hic
144 2443 374 2507 elementorum
398 2445 512 2507 seriem
535 2444 689 2524 sedesque
711 2446 862 2526 paternas

59 2528 243 2616 Insignibat
267 2553 340 2615 acu,
362 2536 503 2595 veterem
526 2553 590 2613 qua
612 2531 684 2615 lege
706 2531 883 2593 tumultum

59 2619 222 2681 Discrevit
244 2618 371 2683 Natura
393 2641 510 2702 parens
533 2622 566 2681 et
589 2618 711 2681 semina
733 2617 829 2680 iustis
1022 2631 1072 2680 250

60 2706 244 2769 Discessere
268 2706 362 2769 locis:
388 2706 544 2789 quidquid
566 2707 649 2789 leve,
672 2705 775 2769 fertur
797 2705 832 2768 in
855 2705 971 2788 altum3

61 2792 100 2856 ln
123 2793 264 2856 medium
286 2793 436 2878 graviora
459 2794 591 2880 cadunt3
612 2793 778 2857 incanduit
802 2816 870 2877 aer3
940 2812 943 2818 ·

61 2880 156 2966 Legit
179 2882 309 2945 flamma
331 2883 455 2967 polum3
478 2883 573 2946 fluxit
595 2904 696 2967 mare3
719 2886 805 2944 terra
827 2881 1014 2966 pependit..

62 2969 131 3034 Nec
154 2970 244 3033 color
266 2993 349 3033 unus
373 2976 454 3035 erat:
479 2971 590 3034 stellas
614 2970 757 3034 accendit
779 2969 815 3033 in
837 2991 929 3056 auro,

63 3057 161 3122 Ostro
184 3058 292 3122 fundit
315 3081 423 3142 aquas.
460 3059 596 3123 Attollit
618 3060 716 3122 litora
739 3059 875 3144 gemmis
1023 3073 1075 3122 255

62 3145 196 3229 Filaque
219 3149 373 3212 mentitos
396 3148 525 3211 iamiam
549 3148 706 3211 caelantia
728 3148 846 3211 fluctus

62 3233 143 3298 Arte
166 3240 304 3322 tument:
329 3236 438 3300 credas
460 3235 553 3299 inlidi
576 3235 724 3300 cautibus
748 3235 855 3321 algam

62 3323 108 3386 Et
132 3346 264 3387 raucum
286 3325 408 3388 bibulis
430 3324 594 3407 inserpere
616 3347 761 3388 murmur
783 3323 921 3388 harenis

64 3410 164 3474 Addit
187 3413 328 3495 quinque
351 3415 478 3499 plagas:
502 3413 639 3477 mediam
663 3412 866 3499 subtegmine
889 3412 987 3476 rubro

64 3498 238 3564 Obsessam
260 3502 386 3566 fervore
408 3506 515 3585 notat3
544 3502 713 3585 squalebat
737 3502 865 3566 inustus
1027 3515 1079 3564 260
1133 3560 1137 3567 .
