2392 3870
138 157 203 222 164
459 155 608 210 CLAVDII
625 153 824 210 CLAVDIANI

137 319 266 385 Semina
289 322 463 403 praerupto
488 317 644 382 dissolvat
666 316 830 400 Aquarius
852 317 965 383 imbre.

135 408 294 472 Phrixeus
318 429 411 471 roseo
434 407 591 491 producat
614 405 720 470 fertile
744 428 844 471 cornu

136 496 203 561 Ver
225 495 333 581 Aries,
355 496 492 582 pingues
514 516 574 559 nec
596 495 751 581 grandine
775 495 890 559 tundat
914 495 1019 559 olivas

138 584 304 670 Scorpius3
328 585 475 648 autumni
497 587 638 648 maturet
683 583 805 648 ermina
827 582 943 669 Virgo,
1106 603 1156 654 401

137 671 264 736 Lenior·
279 677 311 736 et
334 672 476 759 gravidis
499 672 636 736 adlatret
660 606 763 736 Sirius
785 672 878 736 uvis?

205 759 258 825 Sic
281 760 368 824 fatus
393 761 512 824 croceis
535 764 682 824 rorantes
704 760 836 846 ignibus
860 766 950 825 ortus

137 847 322 934 Ingreditur
344 848 525 932 vallemque
549 870 653 934 suam,
677 870 774 931 quam
796 849 963 914 flammeus
986 850 1093 915 ambit

137 937 240 1000 Rivus
263 940 295 1000 et
318 937 456 1022 inriguis
479 938 606 1022 largum
627 937 722 1001 iubar
743 938 863 1023 ingerit
885 937 1009 1024 herbis,

138 1024 225 1101 Quas
249 1024 334 1089 Solis
357 1029 534 1109 pascuntur
556 1025 643 1110 equi,
666 1025 879 1112 flagrantibus
902 1026 976 1091 inde
1102 1045 1158 1095 470

139 1113 319 1178 ansariem
342 1114 437 1178 sertis
460 1117 492 1177 et
515 1115 603 1177 lutea
625 1113 695 1178 lora
717 1115 873 1197 iubasque

138 1202 289 1289 Subligat
312 1202 481 1286 alipedum.
520 1201 649 1267 Gelidus
672 1202 747 1266 hinc
769 1202 898 1266 Lucifer
922 1208 1029 1289 ornat,

137 1290 223 1355 Hinc
245 1290 373 1356 Aurora
395 1313 503 1355 comas
526 1291 680 1374 iuxtaque
703 1290 827 1355 adludit
849 1290 984 1355 habenis

137 1378 264 1443 Aureus
288 1383 320 1444 et
342 1401 461 1444 nomen
482 1378 663 1463 praetendit
687 1379 828 1443 consulis
851 1378 979 1443 Annus:

137 1466 239 1551 Inque
261 1469 503 1533 nores'iterum
526 1467 674 1532 revolute
698 1467 825 1531 cardine
849 1489 961 1532 cursus
1101 1487 1155 1537 475

138 1556 291 1621 Scribunt
314 1557 464 1621 aetheriis
489 1556 699 1621 Stilichonem
723 1556 827 1620 sidera
849 1556 951 1620 fastis

536 1842 748 1849 ——-—.

287 2104 350 2175 DE
379 2103 662 2178 CONSVLATV
691 2105 999 2182 STILIOHONIS.

336 2281 457 2341 LIBER
481 2283 659 2343 TERTIVS.
705 2283 942 2344 PRAEFATIO.

581 2417 701 2488 (1111111.)

133 2525 238 2589 Maior
261 2523 438 2611 Scipiades,
460 2525 553 2589 Italis
577 2526 633 2609 qui
657 2527 745 2590 solus
769 2528 809 2590 ab
834 2528 898 2591 oris

176 2612 216 2678 In
237 2615 405 2698 proprium
427 2614 525 2678 vertit
547 2613 669 2679 Punica
691 2615 777 2679 bella
800 2619 909 2701 caput,

25 2733 28 2742 ·
131 2700 209 2765 Non
231 2703 299 2765 sine
322 2703 436 2766 Pieriis
460 2704 601 2768 exercuit
624 2704 749 2768 artibus
772 2726 873 2768 arma:

178 2788 310 2872 Semper
332 2795 401 2855 erat
423 2795 535 2855 vatum
557 2793 697 2856 maxima
720 2815 796 2856 cura
819 2793 899 2857 duci.

135 2875 259 2940 Gaudet
283 2878 368 2942 enirn
391 2880 494 2943 virtus
518 2883 617 2944 testes
642 2880 704 2944 sibi
727 2882 859 2968 iungere
882 2881 1006 2967 Musca,
1135 2903 1152 2951 s

178 2963 314 3029 Oarmen
336 2971 422 3030 amat
446 2968 593 3051 quisquis
616 2970 756 3033 carmine
779 2969 876 3056 digna
899 2971 991 3056 gerit.

131 3053 221 3139 Ergo
246 3074 302 3116 seu
324 3055 439 3137 patriis
461 3057 642 3139 primaevus
665 3058 814 3121 manibus
838 3059 926 3122 ultor

177 3140 335 3206 Subderet
357 3142 539 3227 Hispanum
561 3145 689 3231 legibus
713 3144 887 3232 Oceanum,

132 3228 195 3294 Seu
218 3229 332 3313 Tyrias
357 3235 442 3296 certa
465 3232 626 3296 fracturus
650 3234 779 3317 cuspide
802 3235 886 3298 vires

60 3374 65 3380 .
110 3394 112 3396 V
175 3316 312 3382 Inferret
335 3317 457 3402 Libyco
482 3322 574 3407 signa
597 3322 761 3386 tremenda
783 3324 877 3388 mari:
1114 3346 1150 3393 10

130 3405 293 3470 Haerebat
317 3406 430 3470 doctus
453 3408 546 3472 lateri
570 3411 746 3494 castrisque
770 3412 896 3475 solebat

176 3493 333 3559 Omnibus
355 3495 390 3559 in
412 3496 533 3560 medias
555 3498 682 3563 Ennius
704 3499 751 3563 ire
773 3500 878 3564 tubas.
