2392 3870
420 185 568 241 CLAVDII
587 185 786 242 CLAVDIANI

386 406 448 478 IN
478 405 829 478 EVTRCPIVM

426 567 548 626 LIBER
572 565 788 626 SECVNDVS.

562 681 652 749 (xx.)

166 791 334 878 Mygdonii
358 790 479 854 cineres
502 794 534 854 et
558 790 586 854 si
609 789 686 872 quid
708 795 810 855 restat
832 790 909 876 Eoi,

101 881 194 959 Quod
216 884 341 965 pereat,
363 879 468 965 regni:
493 882 578 943 certa
600 900 666 943 non
690 901 810 965 augure
833 879 916 944 falso

99 969 245 1056 Prodigii
267 972 399 1053 patuere
422 967 540 1051 minae,
563 967 747 1050 frustraque
769 973 900 1051 peracto

99 1059 242 1124 Vulnere
265 1055 464 1122 monstriferi
486 1056 654 1141 praesagia
677 1055 800 1120 discitis
824 1057 907 1121 anni.

101 1146 235 1212 Cautior
257 1150 331 1209 ante
353 1149 463 1209 tamen
484 1145 663 1209 violentum
684 1145 794 1209 navita
819 1144 959 1210 Caurum

99 1235 261 1319 Prospicit
285 1238 317 1299 et
339 1233 481 1298 tumidae
504 1233 654 1297 subducit
676 1233 747 1296 vela
770 1234 937 1316 procellae.

101 1324 185 1401 Quid
207 1325 298 1388 iuvat
320 1344 461 1386 errorem
483 1343 587 1386 mersa
610 1321 675 1386 iam
697 1344 804 1405 puppe
827 1321 945 1386 fateri?

101 1412 185 1489 Quid
207 1412 357 1476 lacrimae
381 1410 498 1475 delicta
520 1410 653 1475 levant?
699 1409 794 1474 Stant
818 1411 925 1474 omina
948 1413 1047 1475 vestri

102 1500 266 1566 Consulis:
289 1499 423 1565 inmotis
445 1498 576 1564 haesere
598 1498 726 1582 piacula
748 1498 833 1563 fatis.

100 1589 191 1653 Tunc
214 1589 321 1653 decuit
344 1587 462 1652 sentire
485 1587 590 1673 nefas,
613 1591 691 1651 tunc
713 1587 761 1651 ire
783 1592 926 1652 recentes
1082 1607 1114 1655 10

99 1677 273 1742 Detersum
295 1677 446 1741 maculas.
491 1675 603 1741 Veteri
624 1680 700 1759 post
724 1676 840 1740 obruta
862 1678 977 1741 morbo

102 1764 245 1849 Corpora
267 1764 424 1829 Paeonias
447 1765 643 1847 nequiquam
666 1764 845 1828 admoveris
867 1764 992 1830 herbas.

100 1853 218 1918 Vlcera
240 1853 398 1935 possessis
422 1853 486 1917 alte
510 1853 631 1917 suffusa
653 1852 803 1917 medullis

100 1940 178 2007 Non
200 1941 320 2005 leviore
343 1963 453 2027 manu,
476 1940 562 2005 ferro
587 1933 742 2006 sanantur
764 1946 796 2005 et
819 1942 901 2028 igni,

100 2030 151 2095 Ne
173 2033 290 2094 noceat
312 2029 433 2093 frustra
456 2051 532 2094 mox
554 2034 707 2113 eruptura
733 2031 873 2094 cicatrix.
1081 2050 1114 2098 15

101 2118 153 2184 Ad
175 2119 285 2182 vivum
307 2121 477 2201 penetrant
499 2119 661 2204 flammae,
685 2141 749 2202 quo
772 2118 918 2183 fimditus
941 2142 1035 2184 umor

101 2207 232 2273 Defluat
255 2210 288 2270 et
309 2206 419 2271 vacuis
442 2211 594 2290 corrupto
618 2207 773 2292 sanguine
796 2208 886 2271 venis

102 2295 237 2361 Arescat
260 2295 335 2360 fons
357 2295 426 2378 ipse
449 2295 539 2380 mali3
562 2299 732 2360 trvmcatur
754 2299 786 2359 et
810 2300 914 2381 artus,

101 2384 148 2449 Vt
171 2385 266 2449 liceat
289 2383 422 2467 reliquis
446 2406 592 2448 securum
615 2383 729 2470 degere
752 2385 912 2449 membris.

102 2472 148 2538 At
170 2495 228 2538 vos
252 2472 379 2560 egregie
402 2477 574 2559 purgatam
597 2473 726 2536 creditis
750 2473 869 2558 aulam,
1080 2491 1115 2540 20

101 2561 298 2646 Eutropium
321 2562 349 2626 si
374 2561 499 2646 Cyprus
521 2561 620 2626 habet
642 2560 846 2644 vindictaque
870 2561 981 2625 mundi

103 2648 240 2714 Semivir
263 2650 338 2714 exul
360 2651 429 2715 erit.
477 2649 538 2726 Qui
561 2671 620 2714 vos
642 2649 781 2715 lustrare
803 2650 924 2715 valebit

98 2736 272 2824 Oceanus?
294 2741 423 2802 tantum
445 2739 569 2803 facinus
593 2760 675 2823 quae
698 2738 798 2802 diluet
822 2739 932 2802 aetas?

170 2825 323 2890 Induerat
344 2827 480 2891 necdum
502 2827 646 2891 trabeas:
668 2826 813 2912 mugitus
836 2827 876 2891 ab
900 2848 959 2891 axe

103 2913 260 2978 Redditus
283 2914 425 3000 inferno,
447 2915 553 2979 rabies
576 2937 692 2979 arcana
714 2937 866 2980 cavernas
1081 2933 1114 2981 25

103 3001 220 3067 Vibrat
244 3006 276 3067 et
299 3003 424 3068 alterno
448 3005 626 3090 confligunt
650 3003 789 3068 culmina
812 3003 913 3087 lapsu.

103 3090 284 3156 Bacchatus
307 3114 364 3175 per
387 3096 499 3177 operta
520 3097 642 3156 tremor
665 3091 866 3156 Calchedona
889 3093 991 3156 movit

102 3178 229 3243 Pronus
253 3185 285 3243 et
307 3181 342 3244 in
364 3182 508 3266 geminas
530 3181 658 3245 nutavit
679 3180 868 3264 Bosphorus
891 3181 997 3245 urbes.

104 3267 300 3333 Concurrere
322 3269 397 3333 freti
420 3269 544 3352 fauces,
566 3269 672 3334 radice
694 3269 822 3334 revulsa

101 3355 217 3421 Vitant
239 3357 425 3422 instabilem
447 3381 575 3423 rursum
598 3357 813 3444 Symplegada
834 3362 961 3422 nautae.

102 3443 232 3510 Scilicet
254 3445 333 3510 haec
357 3445 489 3533 Stygiae
511 3447 723 3530 praemittunt
747 3447 840 3532 signa
863 3467 991 3511 sorores

101 3532 146 3598 Et
170 3535 233 3599 sibi
254 3535 320 3600 iam
342 3535 427 3600 tradi
449 3535 588 3621 populos
611 3535 673 3599 hoc
696 3534 827 3599 consule
849 3534 1000 3620 gaudent.
