2392 3870
162 167 271 224 CARM.
290 166 419 230 MINOR.
437 165 516 220 XXV
536 165 768 236 (EPITHALAM.
790 166 979 236 PALLADE).
1016 166 1083 230 229

68 329 250 413 Temperies
274 329 424 412 doctique
448 329 531 392 sales
555 332 587 392 et
610 333 703 414 grata
726 330 896 393 senectus?
1049 343 1084 394 65

66 417 129 481 Per
153 421 286 482 cunctos
309 417 348 481 iit
371 417 426 480 ille
449 417 569 502 gradus
593 417 748 500 aulaeque
771 418 900 481 labores

66 505 227 570 Emensus
250 505 355 570 tenuit
379 527 522 569 summae
544 504 677 592 fastigia
701 505 785 571 sedis

66 595 172 658 Meum
197 594 307 658 stabili
330 594 514 658 moderatus
537 594 607 657 iure
631 597 787 658 senatum.

64 682 127 746 Hic
151 683 302 766 splendor
323 683 440 747 iuveni.
479 681 647 746 Cunabula
669 682 774 767 prima
796 683 922 767 puellae

64 770 233 834 Danuvius
256 775 444 854 veteresque
466 770 568 835 Tomi.
605 771 766 835 Mavortia
789 771 903 835 matris
1049 787 1082 835 70

64 858 229 924 Nobilitas
253 859 366 944 spoliis
390 859 551 942 armisque
575 860 699 924 exultat
723 859 819 923 avitis

63 946 310 1032 Inmensamque
332 948 434 1011 trahit
459 947 597 1011 Celerini
619 948 736 1011 robore
758 936 877 1033 hicem,

66 1035 127 1112 Qui
152 1036 314 1119 quondam
336 1035 468 1100 Meroen
490 1035 599 1099 iussus
621 1035 799 1118 Nilumque
821 1035 920 1119 tueri,

66 1123 147 1187 Oum
170 1124 233 1187 sibi
256 1127 332 1208 post
357 1124 466 1188 obitus
490 1128 521 1186 et
544 1122 696 1188 Parthica
718 1124 856 1187 fulmina
880 1145 953 1187 caro

64 1211 197 1294 Sceptra
221 1212 311 1275 daret
333 1212 426 1275 miles
450 1212 611 1294 rebusque
634 1212 799 1294 imponere
821 1211 933 1296 vellet,
1046 1226 1080 1276 75

66 1299 220 1382 Despexit
243 1300 391 1363 fremitus
415 1305 448 1363 et
470 1299 625 1382 praetulit
649 1300 716 1363 otia
738 1321 853 1385 regn03

63 1388 201 1471 Respuit
224 1389 401 1475 ingestum,
425 1387 512 1471 quod
534 1389 580 1472 vi,
604 1388 691 1471 quod
713 1409 845 1472 poscere
868 1387 954 1452 ferro

61 1475 256 1540 Posthabito
277 1477 398 1560 pietate
422 1476 536 1540 solent.
573 1475 656 1540 Tum
678 1498 821 1561 purpura
843 1475 984 1560 primum

60 1562 200 1628 Inferior
221 1563 342 1629 virtute
365 1564 428 1628 fuit
451 1564 633 1647 meniitque
658 1565 821 1647 repulsam
1048 1645 1050 1650 ,

62 1651 165 1716 Obvia
188 1653 349 1717 maiestas.
386 1652 501 1717 Doluit
523 1651 669 1716 Fortuna
691 1653 848 1717 minorem
1045 1667 1079 1716 80

62 1739 103 1804 Se
127 1742 274 1805 confessa
296 1741 375 1805 viro.
412 1741 569 1827 Magnum
592 1741 698 1805 delata
720 1745 865 1824 potestas
871 1794 880 1826 7

61 1827 217 1893 Maiorem
241 1833 426 1912 contempta
448 1830 574 1912 probat.

619 1917 833 2004 ‘Cognomina
857 1917 996 2002 sumpsit

60 2005 161 2068 Plena
185 2005 302 2070 ducum
324 2005 461 2092 genitor.
497 2004 661 2071 Paulatim
684 2010 795 2070 vectus
818 2007 859 2070 ad
882 2007 984 2071 altum

59 2092 214 2177 Princeps
237 2093 387 2179 militiae,
411 2116 474 2177 qua
496 2116 564 2158 non
585 2094 756 2159 inlustrior
778 2099 868 2159 extat

59 2180 185 2267 Altera,
209 2187 398 2247 cunctorum
420 2183 550 2260 tabulas
574 2184 724 2270 adsignat
746 2182 920 2269 honorum,
1042 2199 1076 2247 85

59 2270 235 2335 Raetorum
258 2275 378 2335 tractat
399 2293 566 2356 numeros,
590 2272 785 2358 constringit
808 2273 843 2335 in
864 2295 965 2336 unum

59 2358 194 2442 Sparsas
217 2359 344 2444 imperii
367 2360 453 2424 vires
478 2380 660 2442 cuneosque
683 2364 828 2424 recenset

58 2447 258 2531 Dispositos:
283 2469 364 2532 quae
388 2447 576 2512 Sarmaticis
601 2448 747 2512 custodia
769 2447 862 2532 ripis,

61 2533 148 2613 Quae
172 2535 276 2599 saevis
300 2536 426 2599 obiecta
450 2534 555 2619 Getis,
579 2557 661 2619 quae
685 2535 813 2600 Saxona
836 2534 942 2598 frenat

57 2623 120 2686 Vel
143 2622 292 2687 Scottum
314 2623 415 2709 legio,
439 2626 578 2706 quantae
601 2623 729 2686 cinxere
752 2623 901 2686 cohortes
1041 2641 1076 2690 90

58 2708 233 2794 Oceanum,
258 2714 379 2792 quanto
402 2715 537 2794 pacatur
559 2710 663 2774 milite
686 2711 829 2776 Rhenus.

58 2797 156 2862 Casta
179 2798 307 2883 domus,
330 2798 454 2862 sincera
477 2798 570 2885 fides,
592 2799 753 2863 industria
776 2800 899 2864 sollers.

56 2886 168 2973 Elegit
191 2885 343 2972 Stilich03
365 2886 449 2951 nihil
471 2887 558 2950 ultra
581 2887 732 2952 laudibus
755 2888 829 2951 addi

56 2973 219 3039 Iudiciove
242 2979 359 3058 potest.
397 2975 469 3038 Tali
491 2976 633 3040 nubente
655 2977 764 3060 puella

56 3062 173 3128 Nonne
196 3063 258 3128 tibi
281 3085 406 3127 cessare
428 3063 542 3128 nefas?
578 3064 650 3128 Duc
672 3065 821 3147 protinus
846 3087 970 3151 omnes,
1038 3083 1072 3131 95

55 3151 128 3215 Duc
150 3174 218 3239 age.
254 3151 435 3217 Marcentes
459 3152 553 3236 cupio
579 3175 730 3236 quassare
754 3175 889 3218 coronas

54 3239 100 3303 Et
122 3240 250 3304 vibrare
272 3241 359 3305 faces
382 3245 415 3305 et
436 3245 566 3305 noctem
589 3241 703 3305 ducere
725 3243 811 3308 ludo.

54 3327 142 3392 Haeo
167 3351 295 3412 quoque
316 3352 384 3394 non
406 3329 503 3393 vilem
526 3329 591 3393 iam
614 3331 725 3394 fistula
749 3331 930 3396 commodat
953 3353 1048 3394 usum

53 3416 262 3501 Responsura
285 3418 413 3482 choris'

456 3504 521 3593 Vir
544 3504 623 3571 haec
645 3507 865 3594 Hymenaeus3
889 3511 923 3571 at
945 3506 1003 3570 illa
