2392 3870
110 167 151 230 72
438 166 585 222 CLAVDII
604 166 801 221 CLAVDIANI

106 331 267 414 Principis
291 334 323 394 et
346 330 503 394 famulum
527 330 679 415 dignatur
700 329 790 416 regia
812 334 945 412 patrem.

107 419 300 503 Posteritas‚
323 418 456 483 admitte
479 418 590 482 fidem:
613 421 821 482 monumenta
844 422 999 501 petuntur
1091 437 1127 486 70

107 507 281 571 Dedecoris
304 507 478 590 multisque
501 510 634 592 gemunt
656 506 827 570 incudibus
851 528 923 569 aera

107 595 300 660 Formatura
322 595 422 659 nefas.
467 594 556 659 Haec
578 595 707 679 iudicis,
729 594 787 659 illa
809 596 930 680 togati,

108 684 197 749 Haec
217 685 302 747 nitet
325 684 440 747 armati
464 684 598 768 species3
620 705 812 747 numerosus
834 684 953 766 ubique

107 773 226 858 Fulget
250 793 359 854 eques:
382 771 524 855 praefert
548 772 685 835 ermuchi
709 773 797 835 curia
819 772 937 836 vultus.

108 861 157 925 Ac
180 860 281 926 veluti
305 864 437 924 caveant
459 882 500 924 ne
524 881 588 943 quo
613 860 787 924 consistere
810 861 914 924 virtus
1090 879 1125 927 75

107 950 218 1023 Possit
239 971 321 1033 pura
343 949 429 1034 loco,
452 952 583 1012 cunctas
606 948 668 1013 hoc
691 971 746 1012 ore
769 948 919 1013 laborant

108 1037 270 1102 lncestare
293 1037 371 1102 vias.
417 1035 570 1101 Maneant
591 1037 715 1101 imnota
737 1059 905 1121 precamur

110 1126 268 1209 Certaque
291 1126 437 1209 perpetui
462 1126 527 1190 sint
550 1129 740 1211 argumenta
762 1126 902 1209 pudoris.

110 1215 228 1280 Subter
251 1215 418 1279 adulantes
442 1214 531 1279 tituli
552 1215 733 1297 nimiaeque
758 1215 911 1300 legrmtur

108 1303 171 1369 Vel
193 1304 337 1368 maribus
360 1303 483 1368 laudes:
508 1303 594 1366 claro
619 1303 705 1386 quod
726 1303 847 1367 nobilis
871 1307 945 1366 ortu
1089 1321 1126 1369 80

108 1391 207 1544 {Cum
229 1393 341 1456 vivant
364 1389 522 1478 dominil),
545 1391 631 1474 quod
653 1391 793 1455 maxima
815 1391 938 1474 proelia
961 1391 1050 1454 solus

126 1481 247 1565 mpleat
271 1479 318 1568 (et
340 1481 464 1565 patitur
486 1477 621 1566 mileu),
645 1480 731 1562 quod
753 1480 870 1543 tertius
892 1479 983 1543 urbis

112 1569 267 1634 Conditor
290 1568 367 1656 (hoc
389 1568 494 1652 Byzas
519 1567 813 1651 Constantinusque
837 1566 1025 1654 videbantl).

108 1657 199 1722 Inter
221 1680 302 1742 quac
325 1657 468 1722 tumidus
490 1657 564 1721 leno
587 1657 761 1740 producere
785 1679 879 1720 cenas

109 1745 149 1809 ln
171 1746 289 1829 lucem,
311 1745 432 1809 foetere
454 1767 556 1826 mero,
579 1745 761 1831 dispergere
783 1745 933 1828 plausum
1090 1762 1125 1811 85

110 1834 287 1917 Empturas
309 1834 345 1897 in
365 1834 484 1919 vulgus
507 1854 598 1917 opes,
620 1837 772 1917 totosque
795 1833 930 1897 theatris

110 1921 281 2006 Indulgere
304 1921 385 2006 dies,
408 1921 504 1985 alieni
527 1921 682 2008 prodigus
705 1922 783 1985 auri.

110 2009 156 2076 At
180 2031 272 2073 soror
295 2013 340 2094 et,
364 2010 391 2072 si
415 2009 492 2093 quid
514 2010 674 2093 portentis
698 2010 851 2095 creditur,
873 2032 955 2074 uxor

110 2097 275 2162 Mulcebat
297 2102 417 2178 matres
440 2098 544 2181 epulis
567 2102 599 2163 et
621 2121 710 2163 more
733 2099 866 2181 pudicae

112 2186 267 2271 Coniugis
290 2186 428 2250 eunuchi
451 2186 634 2250 celebrabat
656 2191 733 2250 vota
757 2187 874 2251 mariti.
1089 2205 1125 2253 90

110 2274 205 2338 Hanc
228 2278 328 2360 amat,
351 2274 434 2338 hanc
458 2296 582 2338 summa
605 2274 643 2338 de
666 2276 774 2339 revel
796 2297 874 2359 pace
897 2276 949 2339 vel
972 2277 1068 2340 armis

112 2363 274 2448 Consulit,
296 2363 372 2427 huic
395 2385 488 2427 curas
511 2368 543 2428 et
567 2364 675 2427 clausa
697 2365 818 2448 palatia
841 2364 972 2429 mandat

112 2451 178 2518 Ceu
202 2452 367 2517 stabulum
389 2473 586 2535 vacuamque
608 2451 747 2516 domum.
793 2451 847 2517 Sic
869 2475 986 2538 magna
1009 2454 1092 2517 tueri

110 2541 224 2628 Regna
246 2541 330 2605 nihil
351 2542 541 2625 patiensque
564 2541 633 2626 iugi
656 2540 818 2605 deluditur
841 2541 951 2604 orbis?

177 2629 289 2693 Mitior
312 2630 472 2694 alternum
494 2628 634 2713 Zephyri
656 2629 721 2694 iam
744 2629 858 2692 bruma
880 2634 1024 2713 teporem
1090 2646 1126 2695 95

112 2716 263 2781 Senserat
286 2721 318 2780 et
340 2719 436 2801 primi
458 2717 612 2782 laxabant
635 2718 780 2803 germina
802 2718 911 2802 flores,

110 2804 243 2888 Iamque
266 2806 328 2868 iter
350 2806 385 2869 in
407 2807 529 2892 gremio
552 2807 641 2891 pacis
665 2806 819 2871 sollemne
842 2806 1000 2889 parabant

111 2893 163 2957 Ad
185 2914 308 2977 muros,
330 2891 473 2978 Ancyra,
496 2899 585 2978 tuos,
608 2899 738 2959 auctore
761 2899 924 2978 repertum

109 2981 284 3065 Eutropi0,
307 2982 413 3068 pelagi
435 3004 476 3046 ne
499 2983 604 3046 taedia
627 2982 725 3069 longa
749 2983 907 3068 subirent,

111 3070 174 3134 Sed
196 3091 279 3155 vaga
301 3069 430 3134 lascivis
452 3071 566 3134 flueret
589 3070 787 3135 discursibus
810 3076 928 3136 aestas:
1075 3089 1128 3137 100

109 3158 203 3222 Vnde
225 3163 334 3222 tamen
356 3162 448 3222 tanta
472 3158 625 3223 sublimes
648 3160 733 3223 mole
755 3160 915 3244 redibant,

112 3246 178 3311 Ceu
200 3246 327 3310 vinctos
349 3247 515 3311 traherent
537 3247 649 3311 Medos
671 3246 850 3332 ludumque
873 3249 1042 3312 bibissent.

111 3335 195 3399 Ecce
220 3338 327 3398 autem
349 3336 442 3399 flavis
466 3334 624 3400 Gradivus
647 3336 688 3399 ab
711 3359 813 3420 usque
837 3336 969 3402 Gelonis

110 3423 198 3487 Arva
222 3427 388 3487 cruentato
412 3424 577 3507 repetebat
600 3424 737 3488 Thracia
760 3447 868 3490 curru:

111 3511 291 3577 Subsidunt
313 3512 462 3598 Pangaea
485 3513 566 3576 rotis
589 3512 737 3597 altaeque
760 3535 878 3579 sonoro
1075 3529 1127 3577 105
