2392 3870
76 111 121 175 50
399 109 547 165 CLAVDII
565 109 764 166 CLAVDIANI

77 271 148 336 Rex
172 272 260 336 ducit
283 294 443 357 superum,
466 272 623 356 premitur
643 294 703 336 nec
726 273 861 358 signifer
882 275 951 341 ullo

75 359 234 425 Pondere:
257 361 412 424 festinant
435 360 513 424 adeo
536 360 654 424 vexilla
676 362 806 426 moveri.
1036 384 1090 434 420

73 447 214 514 Nervius
236 449 418 532 insequitur
440 449 637 533 meritusque
659 449 816 514 vocabula
837 449 929 514 Felix

73 535 234 620 Dictaque
257 537 298 601 ab
320 535 471 623 Augusto
494 536 580 623 logio
602 557 782 620 nomenque
804 539 980 621 probantes

72 621 190 689 Inuicti
213 625 379 709 clipeoque
402 624 539 689 animosi
561 628 644 688 teste
666 624 798 690 Leones.

139 711 244 778 Dictis
268 717 342 777 ante
364 717 472 777 tamen
493 713 642 796 princeps
665 713 835 778 confirmat
856 715 960 781 ituros

72 799 201 887 Aggere
225 803 430 886 conspicuus3
454 804 519 865 stat
542 799 735 865 circumfusa
756 801 906 867 iuventus
1032 824 1085 874 425

72 887 160 955 Nixa
181 889 286 953 hastis
308 911 490 974 pronasque
512 888 605 953 ferox
627 888 846 954 accommodat
869 912 975 957 aures:

138 975 325 1042 ‘Gildonem
349 977 509 1041 domitura
531 998 654 1062 manus,
676 978 836 1061 promissa
857 980 1025 1065 minasque

70 1064 210 1150 Tempus
233 1066 295 1153 agi.
341 1065 376 1131 si
400 1064 477 1149 quid
499 1086 558 1148 pro
581 1087 632 1129 me
655 1065 815 1151 doluistis,
836 1067 872 1131 in
894 1070 992 1134 armis

65 1152 237 1220 'Ostentate
259 1153 352 1240 mihi3
373 1154 461 1219 iusto
484 1175 665 1240 magnoque
687 1154 853 1238 triumpho

70 1240 188 1307 Civiles
211 1242 338 1307 abolete
359 1246 467 1327 notas3
491 1242 572 1306 sciat
595 1241 682 1306 orbis
705 1241 796 1306 Eous
1025 1263 1080 1314 430

68 1328 181 1413 Sitque
203 1330 311 1414 palam
334 1329 446 1395 Gallos
470 1351 574 1414 causa,
598 1351 666 1394 non
687 1330 803 1395 robore
825 1330 919 1397 vinci.

66 1417 135 1484 Nec
157 1441 225 1505 voS,
247 1419 429 1484 barbariem
452 1419 599 1503 quamuis
622 1417 788 1504 collegerit
811 1440 946 1506 omnem,
1047 1468 1051 1474 -

66 1506 204 1572 Terreat.
240 1506 295 1571 An
316 1507 422 1571 Mauri
443 1507 608 1571 fremitum
630 1526 808 1590 raucosque
830 1508 979 1591 repulsus

64 1593 251 1660 Vmbonum
274 1599 307 1660 et
329 1599 455 1660 vestros
477 1594 605 1679 passuri
628 1595 807 1659 comminus
829 1597 943 1661 enses?

63 1682 141 1749 Non
164 1687 275 1748 contra
298 1683 409 1768 clipeis
422 1686 535 1765 *tectos
557 1681 738 1769 gladiisque
760 1683 914 1748 micantes
1023 1705 1076 1754 435

63 1768 171 1835 Ibitis:
194 1772 230 1835 in
252 1772 330 1836 solis
353 1772 449 1858 longe
473 1771 590 1835 flducia
611 1771 694 1835 telis.
736 1817 740 1823 -

61 1858 258 1924 Exarmatus
281 1859 351 1944 erit,
374 1882 447 1924 cum
469 1859 591 1924 missile
613 1859 755 1945 torserit,
776 1859 890 1924 hostis.

62 1946 184 2012 Dextra
206 1952 315 2012 movet
337 1948 487 2034 iaculum,
508 1951 691 2032 praetentat
713 1946 813 2031 pallia
835 1947 939 2034 laeva;

63 2035 175 2100 Cetera
197 2036 303 2101 nudus
326 2058 431 2118 eques.
477 2034 612 2120 Sonipes
635 2036 768 2122 ignarus
790 2035 948 2122 habenae;

59 2123 162 2210 Virga
185 2125 277 2211 regit.
322 2123 399 2190 Non
421 2124 488 2188 ulla
510 2125 600 2210 fides,
621 2145 689 2188 non
711 2122 849 2210 agminis
873 2124 965 2191 ordo:
1017 2145 1072 2194 440

58 2211 159 2277 Arma
183 2213 280 2298 oneri,
302 2212 381 2299 fuga
402 2212 570 2297 praesidio.
617 2211 763 2277 Conubia
785 2211 887 2297 mille3

57 2299 134 2367 Non
155 2301 222 2366 illis
245 2300 371 2388 generis
393 2323 505 2387 nexus,
526 2322 593 2366 non
615 2301 753 2387 pignora
776 2321 882 2364 curae:

57 2387 120 2455 Sed
141 2412 274 2455 numero
297 2389 430 2476 languet
452 2390 564 2473 pietas.
610 2389 698 2454 Haec
721 2388 813 2472 copia
835 2389 933 2475 vulgi

55 2476 234 2543 Vmbratus
258 2477 322 2543 dux
344 2479 414 2563 ipse
436 2479 520 2542 rosis
543 2482 575 2542 et
597 2476 757 2541 marcidus
780 2476 842 2540 ibit

53 2565 238 2652 Vnguentis
261 2566 441 2650 crudusque
464 2567 536 2630 cibo
559 2566 768 2648 titubansque
790 2564 906 2651 Lyaeo,
1014 2584 1067 2634 445

56 2651 229 2720 Confectus
252 2656 350 2740 senio,
373 2655 495 2719 morbis
518 2654 702 2738 stuprisque
725 2652 861 2718 solutus.

52 2740 183 2807 Excitet
205 2743 346 2807 incestos
368 2743 517 2807 turmalis
540 2742 657 2806 bucina
680 2762 821 2827 somnos,

52 2828 207 2914 Imploret
231 2831 370 2895 citharas
393 2830 646 2913 cantatricesque
670 2830 802 2894 choreas

52 2917 200 2984 Offensus
225 2918 361 2984 stridore
384 2919 481 2984 tubae
504 2918 669 3001 discatque
692 2921 833 3002 coactus,

52 3005 138 3083 Quas
161 3008 276 3095 vigilat
298 3006 426 3094 Veneri,
449 3007 564 3072 castris
586 3006 768 3090 impendere
790 3011 910 3071 noctes.
1010 3025 1064 3075 450

118 3095 250 3161 ‘Nonne
272 3097 356 3161 mori
378 3097 495 3181 satius,
518 3096 604 3160 vitae
627 3116 724 3179 quam
746 3094 830 3158 ferre
852 3095 1031 3179 pudorem?

47 3182 134 3250 Nam
158 3207 239 3268 quae
261 3185 326 3249 iam
349 3186 438 3271 regio
461 3188 572 3270 restat,
597 3185 626 3248 si
648 3183 754 3247 dedita
777 3181 900 3248 Mauris

47 3271 192 3359 Regibus
214 3271 354 3357 Illyricis
377 3274 546 3338 accesserit
568 3271 680 3337 Africa
702 3271 849 3336 damnis?

45 3359 102 3424 Ius
124 3360 263 3447 Latium,
287 3361 373 3446 quod
395 3365 473 3425 tunc
494 3360 604 3426 Meroe
625 3360 802 3443 Rubroque
825 3359 952 3425 solebat

45 3447 174 3516 Oceano
198 3450 294 3538 cingi,
316 3449 483 3536 Tyrrhena
506 3450 666 3514 clauditur
687 3447 786 3535 unda,
1005 3465 1060 3514 455
