2392 3870
227 159 308 230 (1111.)
328 157 367 213 m
386 158 602 240 nvrnorrvu
620 159 730 215 arena
748 159 946 218 snorrnvs.
1055 162 1099 228 85

84 321 215 406 Eripuit
239 319 405 404 Gallisque
429 320 537 385 dedit?
583 321 720 386 Rufinus
745 323 836 409 origo

82 410 192 474 Prima
215 410 304 474 mali:
328 409 473 495 geminas
496 410 581 473 inter
604 410 762 474 discordia
784 415 893 494 partes
1046 429 1099 479 540

83 498 155 562 Hoc
178 501 309 562 auctore
332 497 403 562 fuit.
450 496 513 562 Sed
534 498 600 561 iam
621 499 744 562 maiora
766 500 909 563 moventi

83 585 231 652 Occurrit
253 587 340 650 iusta
362 586 488 650 rediens
512 587 670 650 exercitus
693 587 755 672 ira,

82 674 191 739 Fortis
215 674 318 739 adhuc
341 674 481 757 ferrique
504 696 634 739 memor.
680 675 792 740 Brevis
815 676 889 739 inde
913 677 1031 741 reluxit

82 762 242 847 Falsaque
264 763 412 847 libertas3
435 784 563 826 rursum
587 762 776 827 Stilichonis
798 763 933 829 habenis

84 851 258 936 Sperabam
281 873 332 915 me
355 873 450 935 posse
472 851 549 937 regi.
594 850 659 915 Pro
684 873 776 916 caeca
799 853 901 917 futuri
1044 868 1097 919 545

85 938 220 1004 Gaudia!
265 939 422 1003 Fraterno
446 940 599 1026 coniungi
623 944 769 1024 coeperat
793 941 881 1005 orbis

82 1027 221 1112 Imperio
245 1026 333 1115 (quis
357 1029 442 1092 enim
465 1031 557 1091 tanto
580 1032 702 1092 terrore
725 1029 862 1092 recentis

82 1115 233 1200 Exempli
256 1116 389 1200 paribus
413 1138 482 1180 sese
506 1116 721 1181 committeret
744 1117 831 1181 ausis
839 1115 884 1203 l),

85 1203 165 1268 Cum
189 1205 297 1269 subito
322 1202 520 1291 (monstrosa
543 1204 623 1267 mihi
646 1205 815 1288 turpisque
838 1206 942 1269 relatu

82 1291 221 1380 Fabula)
245 1293 356 1356 Rufini
380 1295 540 1357 castratus
563 1292 691 1375 prosilit
714 1293 822 1378 heres,
1046 1310 1098 1362 550

83 1381 128 1444 Et
153 1381 273 1445 similes
295 1382 414 1444 iterum
437 1380 544 1443 luctus
567 1379 711 1444 Fortuna
734 1380 875 1465 reduxit,

83 1467 129 1532 Vt
153 1470 258 1533 solum
281 1468 403 1532 domini
427 1489 539 1531 sexum
561 1472 704 1532 mutasse
727 1469 857 1532 viderer.

151 1557 225 1621 ‘Hic
248 1558 388 1641 primum
411 1556 546 1620 thalami
571 1556 720 1619 claustris
744 1557 860 1619 delicta
882 1556 1013 1642 tegebat

84 1646 175 1712 Clam
198 1645 372 1728 timideque
395 1644 524 1728 iubens3
548 1649 616 1709 erat
638 1645 797 1708 insidiosa
818 1648 977 1729 potestaS,

83 1734 146 1798 Sed
168 1738 278 1797 tamen
300 1733 452 1818 eunuchi,
473 1732 610 1797 necdum
633 1733 695 1796 sibi
718 1732 848 1817 publica
870 1733 941 1797 iura
1045 1749 1097 1798 555

84 1822 216 1888 Sumere
238 1842 297 1884 nec
319 1824 407 1885 totas
430 1821 567 1885 audebat
590 1826 714 1885 vertere
737 1822 833 1907 leges.

83 1909 129 1974 At
152 1913 326 1993 postquam
347 1909 514 1992 pulsisque
537 1910 632 1973 bonis
656 1914 687 1974 et
711 1910 798 1973 faece
821 1915 946 1974 retenta

83 1998 213 2061 Peiores
237 1998 317 2084 legit
341 1997 445 2061 socios
469 1998 649 2084 dignusque
673 1999 802 2062 satelles

83 2086 170 2150 Hinc
193 2085 316 2149 Hosius
339 2086 444 2172 stetit,
467 2086 540 2150 inde
562 2087 643 2172 Leo,
665 2087 782 2151 fiducia
806 2087 906 2151 crevit

83 2174 316 2261 Regnandique
338 2175 446 2257 palam
469 2175 618 2260 flagravit
642 2180 752 2259 aperta
775 2176 885 2239 libido.
1046 2190 1098 2240 550

82 2263 256 2347 Patricius,
279 2263 392 2327 consul
415 2264 556 2327 maculat
580 2285 661 2346 quos
684 2264 793 2328 vendit
816 2264 968 2348 honores,

82 2351 160 2416 Plus
184 2351 324 2415 maculat
348 2373 429 2434 quos
451 2351 521 2435 ipse
544 2352 636 2437 gerit.
681 2351 751 2415 Iam
774 2353 867 2438 signa
892 2351 1053 2433 tubaeque

83 2438 293 2525 Mollescunt,
316 2440 404 2523 ipsos
427 2440 556 2525 ignavia
579 2440 673 2503 fluxit
695 2441 731 2503 in
754 2462 853 2503 enses.

83 2528 242 2592 Exultant
265 2528 380 2591 merito
404 2532 517 2613 gentes
540 2527 709 2611 facilisque
732 2527 854 2591 volenti

81 2616 204 2680 Praeda
228 2637 347 2678 sumus
392 2614 462 2678 Iam
484 2614 641 2679 Bistoniis
664 2615 851 2697 Haemoque
873 2613 973 2678 nivali
1045 2629 1097 2680 505

83 2704 216 2768 Vastior
240 2702 382 2786 expulsis
406 2701 520 2765 Oriens
544 2703 717 2785 squalescit
740 2702 864 2766 aratris.

82 2792 125 2856 ni
147 2791 240 2876 mihi,
265 2811 345 2873 quas
368 2790 464 2853 urbes
488 2793 520 2853 et
544 2795 665 2873 quanto
688 2794 833 2874 tempore
856 2790 971 2854 Martis

84 2879 218 2966 Ignaros
242 2901 306 2943 uno
331 2882 506 2962 rapuersmt
528 2879 650 2962 proelia
674 2881 782 2942 cursu!

83 2968 196 3052 Nuper
220 2968 260 3030 ab
284 2970 427 3031 extremo
450 2966 581 3031 veniens
605 2968 768 3051 equitatus
791 2966 898 3031 Araxe

83 3055 211 3120 Terruit
234 3055 388 3120 Antiochi
411 3078 536 3142 muros,
558 3057 728 3139 ipsumque
752 3055 884 3120 decorae
1045 3071 1097 3121 570

81 3144 187 3208 Paene
211 3148 307 3228 caput
331 3143 442 3228 Syriae
464 3145 602 3208 flammis
625 3144 800 3208 hostilibus
824 3145 912 3208 arsit.

82 3232 193 3316 thue
215 3233 323 3318 gravis
348 3233 461 3317 spoliis
483 3233 638 3315 nulloque
662 3232 812 3296 obstante
835 3231 995 3316 profunda

83 3322 203 3385 Laetus
227 3321 320 3384 caede
343 3322 439 3407 redit,
463 3321 609 3403 sequitur
630 3343 783 3385 mucrone
807 3320 945 3385 secundo

84 3409 281 3473 Continuam
304 3410 435 3493 vulnus3
457 3431 516 3473 nec
538 3410 603 3473 iam
625 3409 704 3472 mihi
729 3408 890 3474 Caucasus
913 3408 1023 3471 hostes

82 3497 151 3565 Neo
175 3498 277 3562 mittit
300 3497 425 3584 gelidus
448 3497 577 3583 Phasis3
599 3502 776 3562 nascuntur
798 3498 926 3580 inipso
1044 3509 1096 3560 555
