2392 3870
69 145 268 200 CARMINVM
280 145 408 200 MINOR.
424 143 699 215 CORPVSGVLVM,
714 163 738 200 1.
748 146 998 202 XXVlH—XXIX.
1018 148 1086 214 239

69 307 131 372 Sed
153 329 238 372 nova
261 307 289 370 si
312 307 397 392 nigri
419 306 527 371 videas
550 306 705 371 miracula
729 308 811 393 saxi,

68 396 159 459 Tunc
181 395 334 479 pulchros
358 398 488 478 superat
511 395 618 459 cultus
641 400 673 460 11
697 397 852 480 quidquid
874 397 954 462 Eois

68 482 168 547 ludus
191 484 342 547 litoribus
365 483 477 547 Rubra
500 487 663 548 scrutatur
684 484 720 548 in
742 486 824 571 alga.
1050 500 1084 550 11

67 571 154 635 Nam
175 573 261 636 ferro
284 572 402 635 meruit
424 572 525 636 vitam
548 572 688 656 ferrique
710 573 834 659 rigore·

68 660 232 745 Vescitur3
254 661 317 724 hoc
340 659 449 723 dulces
473 660 597 745 epulas,
620 662 683 725 hoc
704 662 826 744 pabula
847 660 953 746 novit3

67 747 153 812 Hinc
176 749 323 831 proprias
347 752 481 813 renovat
503 749 601 835 vires3
624 749 700 814 hinc
722 751 795 814 fusa
817 771 875 834 per
898 754 988 814 artus

67 835 191 919 Aspera
215 841 373 901 secretum
396 841 526 902 servant
549 838 702 902 alimenta
725 839 883 926 vigorem3

66 924 138 989 Hoc
161 926 294 989 absente
315 925 413 1009 perit:
437 925 525 989 tristi
547 927 718 991 morientia
740 931 872 1011 torpent
1046 943 1083 992 20

65 1012 211 1077 Membra
234 1014 332 1098 fame,
355 1035 516 1096 venasque
540 1014 612 1077 sitis
636 1015 797 1078 consumit
821 1020 956 1098 apertas.

133 1100 276 1185 Mavors,
300 1102 476 1186 sanguinea
499 1102 554 1184 qui
578 1102 708 1185 cuspide
730 1102 878 1166 verberat
900 1102 1010 1187 urbes,

64 1190 110 1253 Et
133 1188 258 1273 Venus,
280 1188 438 1252 humanas
461 1211 543 1272 quae
565 1188 654 1252 laxat
675 1190 711 1252 in
734 1191 800 1254 otia
824 1213 929 1274 curas,

65 1276 182 1341 Aurati
206 1277 339 1340 delubra
361 1280 472 1340 tenent
496 1277 678 1340 communia
700 1278 821 1360 templi.

19 1415 28 1441 .
65 1365 203 1449 Effigies
224 1386 291 1429 non
314 1387 379 1428 una
402 1364 481 1428 deis:
506 1365 562 1428 sed
584 1365 687 1429 ferrea
709 1365 825 1429 Martis
1044 1382 1078 1430 25

64 1452 183 1516 Forma
204 1453 301 1537 nitet,
323 1452 482 1517 Venerem
504 1453 686 1540 magnetica
708 1476 835 1540 gemma
858 1455 986 1539 figurat.

67 1539 138 1604 lllis
163 1541 336 1605 conubium
360 1540 499 1604 celebrat
523 1541 561 1605 do
584 1563 673 1605 more
697 1542 852 1606 sacerdos.

64 1629 163 1692 Ducit
186 1631 316 1692 flamma
339 1630 468 1714 choros3
491 1630 575 1693 festa
597 1629 781 1694 frondentia
802 1633 909 1713 myrto
1032 1682 1036 1688 .

63 1718 190 1781 Limina
214 1718 400 1803 cinguntur,
422 1718 588 1801 roseisque
611 1718 730 1782 cubilia
753 1721 892 1804 surgrmt

63 1805 228 1890 Floribus,
252 1810 284 1869 et
307 1806 487 1868 thalamum
509 1806 628 1870 dotalis
649 1829 792 1890 purpura
814 1807 909 1871 velat.
1043 1822 1077 1870 30

63 1892 127 1956 Hic
149 1894 266 1958 minim
290 1894 457 1979 consurgit
480 1915 574 1978 opus:
599 1893 757 1978 Cytherea
779 1895 932 1959 maritum

63 1981 185 2064 Sponte
208 1982 293 2064 rapit
316 1982 459 2065 caelique
481 1986 572 2047 toros
594 1983 722 2047 imitata
743 1984 867 2066 priores

62 2069 199 2133 Pectora
221 2070 342 2134 lascivo
365 2071 446 2134 flatu
468 2070 629 2135 Mavortia
650 2072 752 2135 nectit

61 2157 107 2222 Et
130 2162 258 2222 tantum
282 2158 449 2242 suspendit
472 2181 553 2223 onus
576 2159 750 2246 galeaeque
772 2161 911 2225 lacertos

62 2243 212 2329 Implicat
235 2251 268 2310 11
290 2247 373 2310 vivis
396 2250 503 2311 totum
526 2248 747 2331 complexibus
771 2248 880 2312 ambit.
1042 2263 1076 2312 31
1184 2306 1189 2313 .

61 2332 121 2397 1111
145 2335 313 2399 lacessitus
336 2335 436 2422 longo
456 2336 640 2418 spiraminis
664 2340 738 2400 actu

60 2419 197 2486 Ascania
220 2423 362 2487 trahitur
384 2445 511 2510 gemma
535 2424 573 2487 de
597 2424 732 2510 coniuge
754 2423 857 2488 nodis.

60 2509 213 2574 Pronuba
236 2512 274 2575 fit
296 2510 423 2575 Natura
446 2511 513 2574 deis
537 2511 721 2594 ferrumque
744 2511 875 2574 maritat

60 2596 150 2661 Aura
172 2602 284 2662 tenax:
309 2598 426 2662 subitis
450 2599 614 2662 sociantur
636 2598 769 2663 numina
791 2597 897 2662 furtis.

130 2684 208 2761 Quis
232 2684 320 2748 calor
342 2686 462 2749 infudit
485 2687 622 2771 geminis
646 2687 769 2750 alterna
792 2686 932 2749 metallis
1040 2702 1074 2751 40

59 2772 223 2836 Foedera?
247 2795 328 2855 quae
352 2773 447 2836 duras
469 2773 576 2860 iungit
599 2774 769 2838 concordia
791 2773 937 2838 mentes?

59 2860 194 2946 Flagrat
218 2861 333 2924 anhela
357 2861 438 2924 silex
461 2865 493 2925 et
516 2863 652 2926 amicam
675 2862 784 2925 saucia
807 2862 906 2926 sentit

58 2948 227 3012 Materiem
249 2949 457 3033 placidosque
481 2949 615 3033 chalybs
639 2951 806 3036 cognoscit
830 2971 962 3027 amores.

60 3035 114 3100 Sic
136 3037 248 3102 Venus
271 3038 458 3102 horrificum
481 3039 560 3102 belli
583 3060 783 3123 compescere
806 3059 915 3124 regern

58 3116 105 3188 Et
127 3126 254 3189 vultum
276 3126 404 3190 mollire
428 3127 525 3211 solet,
549 3150 621 3191 curn
645 3127 801 3212 sanguine
822 3148 975 3211 praeceps
1038 3143 1072 3192 41

58 3211 197 3277 Aestuat
220 3218 252 3278 et
276 3215 397 3278 strictis
420 3215 629 3279 mucronibus
653 3219 780 3299 asperat
803 3215 876 3279 iras.

58 3299 136 3363 Sola
158 3302 235 3365 feris
260 3303 399 3367 occurrit
422 3304 513 3386 equis
536 3303 697 3387 solvitque
720 3307 879 3368 tumorem

56 3389 203 3453 Pectoris
227 3395 258 3454 et
281 3391 400 3455 blando
423 3391 609 3474 praecordia
632 3395 790 3475 temperat
812 3391 889 3477 igni.

54 3476 124 3539 Pax
149 3478 255 3541 animo
278 3479 455 3562 tranquilla
477 3479 585 3565 datur,
607 3502 797 3567 pugnasque
821 3479 961 3544 calentes
