2392 3870
64 151 263 208 CARMINVM
278 150 454 206 MINORVM
464 149 738 219 CORvaoVLVn
748 168 770 206 e.
781 150 995 207 XXV-XXVI.
1014 152 1078 216 231

64 316 119 380 Sie
140 337 236 400 uxor,
260 314 306 378 sie
328 317 432 378 muter
456 313 527 376 eris.
565 311 649 388 Quid
671 311 794 376 lumino
816 313 953 400 tinguis,

40 467 42 471 ,
64 404 190 490 Virgo?
213 403 304 467 erede
326 401 419 466 mihi:
444 423 539 485 quem
560 422 647 465 nuno
669 400 843 486 horrescis,
867 402 1011 468 amabis?

131 491 224 555 Dixit
246 496 279 556 et
302 491 423 577 eligere
445 489 592 576 geminos
615 511 755 572 arcuque
777 512 938 574 manuque

63 580 269 645 Praestontes
293 602 310 643 e
332 579 427 662 plebe
449 582 552 643 voeet.
588 577 673 642 Puer
695 577 783 642 ilioet
805 577 937 644 Aethon
1028 598 1078 647 140

64 669 109 732 nt
130 668 246 752 Pyrois
269 667 385 732 rutiles
407 666 545 750 respersi
568 666 688 730 murioe
710 666 838 749 plumes

64 757 243 821 Prosiliunt
265 778 411 840 puroque
434 754 569 820 imbutis
591 755 686 819 melle
710 754 840 842 sagittis

64 845 127 909 Hie
148 849 285 929 nuptum
306 845 404 929 petit,
426 845 482 909 ille
505 844 619 908 virum.
656 842 798 908 Sonuere
821 845 953 910 reducto

64 933 205 1019 (lornue3
229 937 316 997 eerto
338 937 435 998 notos
457 932 579 1016 pariter
603 932 740 996 suleavit
762 932 907 998 harundo

62 1022 107 1086 Et
129 1022 251 1106 pariter
273 1021 347 1085 fixis
370 1021 543 1085 haeserunt
566 1020 632 1084 tela
654 1020 812 1084 medullis.
903 1091 906 1096 ‚
1029 1041 1078 1089 146

450 1263 548 1318 xxvi.
567 1263 690 1333 (xnix.)

486 1393 655 1454 APONVS.

61 1513 163 1597 Fons,
185 1510 389 1577 Antenoreae
411 1513 513 1577 vitem
536 1512 591 1596 qui
613 1513 754 1600 porrigis
777 1514 850 1577 urbi

107 1601 252 1684 Fataque
274 1600 390 1665 vicinis
412 1601 509 1666 noxio
531 1600 626 1685 pellis
651 1601 757 1687 aquis,

63 1689 145 1753 Cum
167 1693 224 1753 tue
247 1690 299 1754 vel
321 1688 421 1753 mutis
444 1689 591 1754 tribuant
613 1689 769 1754 miraculo
791 1712 917 1777 vocem,

109 1777 189 1842 Cum
212 1778 273 1841 tibi
295 1778 442 1862 plebeius
466 1776 607 1841 earmina
631 1777 730 1842 dictet
752 1779 857 1844 honos

61 1866 107 1930 Et
130 1866 173 1930 sit
195 1866 286 1930 nulle
308 1889 436 1950 monus,
460 1866 550 1930 ouius
571 1889 639 1931 non
661 1867 778 1950 pollice
802 1867 915 1932 ductae
1061 1889 1077 1936 5

106 1954 279 2018 Testentur
301 1976 459 2019 memores
482 1977 636 2039 prospere
658 1959 735 2020 vote
756 1960 867 2021 notae:
1012 2039 1013 2042 Ἴ

61 2041 178 2107 Nonne
201 2064 275 2107 reus
298 2042 401 2107 Musis
424 2043 546 2127 pariter
568 2042 793 2130 Nymphisque
816 2047 964 2132 tenebor,

107 2130 141 2195 Si
164 2131 283 2195 tacitus
307 2131 369 2196 soli
391 2136 591 2216 praetereare
613 2132 732 2196 mihil·

60 2219 251 2283 Ludibrium
275 2219 352 2303 quid
375 2220 460 2284 enim
483 2221 532 2284 fos
556 2224 605 2285 est
628 2243 647 2284 e
669 2225 743 2285 vote
766 2222 905 2306 relinqui

105 2307 201 2372 Hune
224 2309 279 2392 qui
302 2313 353 2373 tot
376 2309 506 2393 populis
528 2309 675 2393 pervolat
699 2332 755 2374 ore
777 2310 907 2375 loeum‘?
1045 2329 1076 2376 10

60 2483 139 2549 Alto
164 2486 245 2549 eolle
268 2486 387 2570 minor,
409 2485 516 2568 planis
539 2486 676 2550 erectior
699 2485 784 2549 ervis

107 2572 288 2656 Conspiouo
313 2573 414 2636 olivus
437 2573 580 2637 molliter
603 2573 680 2637 orbe
703 2577 807 2637 tumet

60 2659 213 2724 Ardentis
236 2659 391 2723 feeundns
415 2682 529 2745 aquee3
553 2682 753 2744 quecumque
777 2682 928 2725 cavernas

105 2748 267 2832 Perforet,
291 2748 413 2812 offenso
436 2747 579 2812 truditur
600 2749 676 2835 igne
699 2750 794 2813 latex.

61 2835 171 2919 Spirat
193 2840 287 2919 putre
311 2836 430 2921 solum,
454 2836 668 2919 conclusaque
691 2838 803 2902 subter
825 2838 941 2903 anhelo
1040 2857 1073 2906 15

104 2924 236 2989 Pumiee
258 2925 395 2988 rimosas
418 2925 558 3008 perfodit
580 2925 666 2989 unde
688 2925 766 2990 vias.

59 3013 178 3076 Vmida
200 3014 402 3076 flemmarum
425 3013 515 3100 regio
538 3013 711 3100 Vuloanie3
734 3019 838 3079 terrae

104 3101 213 3165 Vbere
237 3102 428 3185 sulphureae
451 3102 574 3166 fervide
596 3125 696 3188 regnu
718 3103 842 3190 plegae.

60 3189 140 3264 Quis
163 3191 305 3254 sterilem
327 3213 394 3255 non
417 3190 525 3254 eredat
547 3191 703 3255 humum?
745 3191 917 3256 Fumentia
938 3199 1074 3258 vernant

104 3277 240 3364 Posoue3
263 3279 407 3343 luxuriet
429 3279 574 3365 gramine
598 3283 689 3344 coeto
713 3281 794 3344 silex
867 3365 870 3369 v
1039 3299 1074 3346 20

60 3423 274 3431 ——-——-—-—-

134 3510 165 3556 16
184 3503 321 3576 perfodit]
340 3523 402 3576 epo,·
419 3504 551 3574 perforat.
