2392 3870
134 152 179 217 24
462 148 611 204 CLAVDII
629 146 827 202 CLAVDIANI

135 313 204 379 Iam
228 312 322 376 rubet
346 312 432 375 altus
454 308 559 392 Halys
581 330 641 372 nec
664 331 698 373 se
722 308 864 373 defendit
887 308 999 392 iniquo

137 399 250 466 Monte
275 399 367 464 Cilix.
414 398 526 482 Syriae
548 401 673 462 tractus
696 401 866 462 vastantur
888 397 1015 462 amoeni

136 489 379 572 Adsuetumque
403 487 510 551 choris
534 490 566 550 et
589 486 675 551 laeta
698 486 792 570 plebe
816 507 969 549 canorum

134 577 277 643 Proterit
300 576 463 640 imbellem
491 574 621 659 sonipes
644 573 774 638 hostilis
799 572 962 638 Orontem.
1120 593 1152 640 35

134 666 220 730 Hinc
242 665 391 749 planctus
414 663 525 749 Asiae3
549 661 669 728 Geticis
691 663 825 746 Europa
848 662 984 727 catervis

134 753 290 819 Ludibrio
312 752 512 836 praedaeque
536 751 630 815 datur
652 751 832 815 frondentis
855 751 897 814 ad
919 773 1021 835 usque

134 841 316 907 Dalmatiae
339 842 432 905 fines:
457 839 561 904 omnis
585 862 667 924 quae
690 838 810 904 mobile
832 839 931 903 Ponti
999 888 1003 894 .

134 930 267 1014 Aequor
289 934 322 993 et
344 927 499 994 Adriacas
521 928 619 992 tellus
643 927 810 992 interiacet
833 927 936 992 undas

135 1018 269 1102 Squalet
291 1017 386 1101 inops
409 1016 580 1103 pecudum,
602 1016 702 1080 nullis
725 1016 872 1080 habitata
895 1017 1029 1104 colonis,
1118 1039 1152 1085 40

134 1105 244 1171 Instar
266 1105 447 1170 anhelantis
470 1104 605 1191 Libyae,
629 1126 711 1188 quae
733 1105 856 1169 torrida
879 1127 1005 1190 semper

135 1194 266 1260 Solibus
289 1195 430 1258 humano
452 1193 556 1257 nescit
578 1214 800 1258 mansuescere
824 1193 921 1258 cultu.

133 1281 308 1348 Thessalus
332 1282 422 1346 ardet
445 1303 535 1368 ager3
559 1281 672 1346 reticet
694 1285 825 1366 pastore
848 1281 961 1368 fugato

133 1371 260 1458 Pelion,
283 1371 452 1436 Emathias
474 1369 561 1457 ignis
584 1372 760 1454 populatur
782 1369 907 1435 aristas.

133 1459 219 1526 Nam
241 1461 339 1546 plaga
360 1459 547 1524 Pannoniae
568 1458 813 1543 miserandaque
840 1459 966 1523 moenia
989 1459 1150 1527 Thracum

132 1547 284 1633 Arvaque
307 1548 475 1632 Mysorum
496 1548 562 1611 iam
583 1547 667 1612 nulli
690 1547 797 1611 flebile
820 1547 980 1634 damnum,
1115 1568 1149 1617 46

134 1635 197 1702 Sed
220 1659 333 1701 cursus
357 1635 523 1701 sollemnis
547 1638 615 1700 erat
639 1657 834 1720 campusque
857 1636 960 1701 furori

133 1724 327 1809 Expositos,
351 1746 543 1809 sensumque
565 1724 660 1788 malis
684 1724 865 1789 detraxerat
888 1747 975 1790 usus.

132 1811 226 1876 Eheu
250 1834 347 1896 quam
369 1812 521 1877 brevibus
544 1817 679 1896 pereunt
702 1813 847 1899 ingentia
869 1813 960 1878 fatisl

133 1898 309 1985 Imperium
331 1903 423 1965 tanto
448 1900 629 1985 quaesitum
653 1902 822 1988 sanguine,
845 1905 938 1966 tanto
1115 1921 1148 1968 so

17 2022 20 2027 <
134 1987 316 2074 Servatum,
340 1989 427 2073 quod
449 1989 537 2054 mille
560 1988 677 2053 ducum
700 2011 851 2074 peperere
874 1990 1012 2077 labores,

134 2076 227 2152 Quod
249 2076 350 2142 tantis
373 2077 519 2142 Romana
542 2100 657 2141 manus
680 2078 845 2143 contexuit
868 2079 971 2165 annis,

132 2164 285 2230 Proditor
306 2188 391 2230 unus
414 2166 500 2231 iners
524 2169 663 2252 angusto
686 2170 831 2251 tempore
854 2167 959 2232 vertit.

199 2253 287 2318 Vrbs
310 2254 420 2340 etiam,
442 2275 579 2342 magnae
602 2276 684 2338 quae
708 2255 835 2320 ducitur
857 2257 983 2320 aemula
1005 2256 1128 2322 Romae

131 2341 177 2405 Et
202 2341 432 2407 Calchedonias
456 2347 569 2407 contra
592 2342 756 2426 despectat
779 2344 925 2429 harenas,
1115 2361 1149 2410 55

132 2428 201 2496 Iam
223 2454 290 2496 non
312 2431 450 2496 finitimo
474 2431 589 2495 Martis
612 2435 735 2496 terrore
758 2436 914 2518 movetur,

133 2518 196 2584 Sed
217 2520 351 2604 propius
374 2521 481 2584 lucere
503 2520 590 2584 faces
614 2523 646 2583 et
669 2541 766 2585 rauca
789 2543 904 2585 sonare

134 2606 261 2672 Cornua
283 2608 483 2693 vibratisque
505 2607 572 2691 peti
595 2607 727 2694 fastigia
749 2609 824 2673 telis

132 2694 288 2778 Adspicit.
334 2695 379 2760 Hi
401 2696 494 2783 vigili
516 2718 626 2761 muros
652 2695 791 2761 statione
814 2697 907 2782 tueri,

131 2783 177 2847 Hi
199 2782 319 2848 iunctis
341 2789 515 2868 properant
538 2789 652 2868 portus
675 2785 801 2849 munire
824 2785 949 2850 carinis.
1114 2804 1148 2852 co

19 2914 20 2918 =
132 2870 274 2937 Obsessa
295 2875 405 2936 tamen
427 2873 482 2937 ille
505 2874 593 2937 ferus
616 2874 756 2937 laetatur
777 2872 813 2937 in
834 2874 915 2937 urbe

130 2959 332 3044 Exultatque
355 2960 449 3025 malis
472 2983 679 3046 summaeque
702 2983 741 3025 ex
765 2961 903 3026 culmine
926 2961 1026 3026 turris

130 3046 235 3131 Impia
257 3048 355 3113 vicini
378 3049 479 3114 cernit
503 3050 685 3133 spectacula
709 3049 825 3134 campi:

130 3134 266 3201 Vinctus
289 3137 336 3201 ire
357 3160 473 3223 nurus,
496 3138 582 3202 hunc
603 3139 639 3202 in
660 3138 741 3202 vada
763 3138 911 3222 proxima
933 3137 1036 3224 mergi

131 3223 343 3310 Semineoem,
364 3226 451 3290 hunc
475 3226 583 3291 subito
606 3248 795 3311 percussum
818 3227 950 3291 vulnere
972 3226 1040 3290 labi
1115 3243 1149 3293 65

131 3311 218 3377 Dum
240 3314 340 3401 fugit,
362 3315 449 3380 hunc
472 3315 612 3380 animam
634 3315 738 3399 portis
762 3315 872 3379 efflare
896 3314 956 3379 sub
979 3314 1075 3402 ipsis3

130 3398 200 3466 Nec
224 3425 321 3468 canos
344 3404 497 3487 prodesse
521 3404 590 3469 seni
612 3403 768 3488 puerique
792 3425 904 3469 cruore

130 3487 297 3557 Maternus
320 3493 442 3558 undare
466 3492 563 3557 sinus.
609 3491 760 3557 Inmensa
782 3492 933 3577 voluptas
