2392 3870
83 165 282 221 CARMINVM
300 165 477 244 MINORVM
495 164 768 236 CORPVSOVLVM,
788 184 810 222 c.
825 166 1003 222 XLI-XLV.
1030 165 1095 231 253

468 379 563 433 xuui.
584 379 715 449 (cxxv.)

448 513 493 571 IN
517 512 732 573 OVRETIVM.
812 546 814 550 =

84 631 228 695 Fallaces
252 631 354 696 vitreo
379 631 490 695 stellas
514 652 704 716 componere
727 630 845 695 mundo

128 720 172 784 Et
195 743 278 806 vaga
302 718 432 784 Saturni
456 720 561 784 sidera
586 743 680 804 saepe
705 719 795 803 queri

84 808 329 893 Venturumque
352 807 462 874 Iovem
484 809 595 893 paucis
618 809 807 893 promittere
829 807 970 872 nummis

130 898 240 963 Cureti
263 898 392 985 genitor
413 902 547 963 noverat
569 897 719 962 Vranius.

83 987 119 1050 ln
141 988 265 1071 prolem
289 987 388 1051 dilata
411 991 509 1050 ruunt
532 987 673 1070 periuria
695 986 797 1071 patris

128 1077 173 1140 Et
196 1098 332 1160 poenam
355 1076 471 1140 merito
494 1075 581 1138 filius
606 1097 660 1139 ore
682 1075 753 1139 luit.

83 1164 170 1228 Nam
193 1186 326 1249 spurcos
349 1163 460 1227 avidae
482 1163 598 1227 lambit
620 1163 797 1228 meretricis
819 1163 928 1228 hiatus

131 1252 329 1317 Consumens
352 1253 431 1316 luxu
453 1252 651 1338 flagitiisque
675 1252 805 1316 domum

84 1342 143 1424 Et,
166 1363 246 1424 quas
268 1341 395 1404 fallacis
419 1340 549 1427 collegit
572 1341 684 1427 lingua
706 1339 862 1425 parentis,

130 1430 199 1493 Has
223 1430 332 1494 eadem
353 1429 422 1493 nati
446 1429 557 1516 lingua
580 1429 722 1493 refundit
746 1450 830 1513 opes.
1064 1445 1097 1494 10

464 1656 558 1711 xmv.
578 1655 720 1726 (uuam.)

353 1790 399 1848 IN
421 1790 594 1848 EVNDEM
617 1789 830 1849 OVRETIVM.

87 1907 122 1972 Si
145 1912 214 1992 tua,
239 1907 362 1993 Cureti,
384 1908 514 1992 penitus
537 1930 729 1995 cognoscere
753 1907 881 1992 quaeris

132 1995 255 2082 Sidera,
277 2001 368 2081 patre
390 2001 448 2061 tuo
472 1997 590 2062 certius
612 1997 681 2081 ipse
704 1998 826 2080 loquar.

87 2084 180 2160 Quod
202 2086 296 2170 furis,
320 2085 446 2150 adversi
470 2085 556 2150 dedit
578 2086 783 2150 inclementia
805 2085 934 2170 Martis3

132 2173 224 2250 Quod
246 2175 359 2258 procul
381 2197 400 2238 a
422 2174 539 2260 Musis,
563 2175 677 2240 debilis
700 2175 802 2239 Arcas
825 2180 906 2260 erat3

88 2261 180 2338 Quod
203 2267 330 2347 turpem
352 2264 473 2347 pateris
494 2265 560 2329 iam
583 2286 662 2329 cano
685 2265 797 2348 podice
820 2264 982 2348 morbum,

130 2351 291 2416 Femineis
315 2353 417 2439 signis
439 2353 531 2417 Luna
553 2353 727 2436 Venusque
750 2353 828 2436 fuit3

87 2439 224 2505 Attrivit
247 2440 406 2505 Saturnus
431 2464 516 2525 opes.
553 2441 625 2505 Hoc
647 2463 779 2525 prorsus
802 2440 837 2504 in
858 2461 923 2504 uno

131 2528 269 2594 Haereo:
294 2552 375 2612 quac
399 2552 539 2594 cunnum
561 2530 702 2593 lambere
726 2551 821 2593 causa
844 2527 943 2591 facit?

503 2755 585 2810 rav.
599 2741 684 2824 ‘uva

430 2949 432 2951 ,
469 2889 522 2947 ΒΕ
548 2886 716 2947 OONOHA.

88 3005 275 3069 Transferat
297 3006 360 3070 huo
383 3007 523 3090 liquidos
546 3007 653 3071 fontes
675 3006 844 3070 Heliconia
865 3006 947 3072 Nais

132 3095 177 3158 Et
200 3095 311 3178 patulo
336 3096 474 3160 conchae
498 3095 608 3160 divitis
632 3096 709 3160 orbe
731 3096 819 3160 fluat.

89 3183 237 3267 Namque
260 3184 347 3249 latex
371 3184 482 3249 doctae
507 3186 562 3268 qui
584 3184 699 3249 laverit
724 3206 780 3248 ora
804 3183 951 3270 Serenae,

133 3272 228 3336 Vltra
251 3274 409 3360 Pegaseas
432 3296 551 3338 numen
573 3273 706 3338 habebit
729 3295 837 3356 aquas,
