2392 3870
90 173 188 245 (XXI.)
202 172 251 226 DE
266 169 486 227 CONSVLATV
502 168 730 225 STILIOHONIS
743 171 852 226 LIBER
866 172 1009 228 PRIMVS.
1043 173 1107 238 147

91 336 185 401 Pacis
210 338 242 398 et
265 333 396 419 ingenio
420 332 639 417 scelerumque
664 332 811 416 cupidine
835 334 959 400 fratrea.
1055 352 1106 402 141

157 423 238 488 Ρο11
262 422 400 486 domitas
423 419 542 485 Arctos
566 421 630 485 alio
653 421 802 506 prorupit
825 423 866 486 ab
890 446 949 487 axe

91 513 280 596 Tempestas
303 514 344 596 et,
366 531 407 574 ne
431 531 494 592 qua
517 509 583 574 tuis
606 511 728 575 intacta
751 511 893 594 tropaeis

91 602 172 666 Pars
195 600 288 685 foret,
311 597 475 662 Australis
500 599 609 662 sonuit
632 599 720 663 tuba.
757 597 903 664 Moverat
927 623 1038 666 omnes

92 690 281 754 Maurorum
304 685 399 752 Gildo
422 687 571 772 populos,
595 687 713 770 quibus
735 687 871 752 inminet
893 686 989 753 Atlas

91 779 136 843 Et
160 798 241 860 quos
264 775 399 840 interior
421 775 522 839 nimio
545 775 642 861 plaga
666 777 734 840 sole
757 776 893 863 relegat:
1055 796 1107 846 110

91 865 179 943 Quos
202 886 304 950 vagus
328 867 470 928 umectat
494 863 616 948 Cinyps
640 867 671 928 11
694 864 860 949 proximus
883 865 988 931 hortis

89 954 305 1038 Hesperidum
328 952 444 1016 Triton
466 955 498 1016 et
523 950 581 1017 Gir
602 953 792 1017 notissimus
816 955 920 1019 amnis

90 1043 298 1126 Aethiopum,
322 1040 421 1104 simili
444 1041 599 1105 mentitus
623 1042 752 1128 gurgite
775 1040 902 1128 Nilum,

90 1132 232 1197 Venerat
256 1134 288 1194 et
310 1129 419 1213 parvis
442 1129 610 1193 redimitus
632 1129 730 1196 Nuba
754 1131 884 1216 sagittis

90 1221 136 1285 Et
150 1220 245 1284 velox
260 1217 424 1303 Garamas,
437 1239 496 1282 nec
511 1218 658 1300 quamvis
672 1219 822 1282 tristibus
836 1218 1000 1285 Hammon
1055 1238 1106 1289 255

90 1307 269 1392 Responsis
293 1307 430 1370 alacrem
452 1307 560 1389 potuit
582 1305 769 1372 Nasamona
791 1308 918 1372 morari.
926 1317 947 1381 1

92 1396 261 1480 Stipantur
283 1393 443 1480 Numidae
467 1394 580 1480 campi,
604 1398 692 1459 stant
714 1396 846 1479 pulvere
869 1394 981 1481 Syrtes

92 1485 256 1570 Gaetulae,
278 1483 407 1548 Poenus
429 1483 544 1547 iaculis
568 1483 733 1549 obtexitur
756 1506 817 1549 aer.

90 1574 135 1638 Hi
158 1573 251 1659 virga
273 1572 481 1636 moderantur
503 1593 617 1658 equos,
641 1572 692 1635 his
715 1572 937 1638 fulvaleones

89 1662 281 1727 Velamenta
304 1660 424 1725 dabant
447 1660 696 1746 ignotarumque
719 1662 859 1725 ferarum
1053 1682 1106 1732 260

89 1751 245 1836 Exuviae,
267 1749 369 1815 vastis
392 1747 501 1813 Meroe
525 1770 605 1830 quas
627 1749 732 1814 nutrit
754 1750 897 1836 harenis,

91 1839 284 1923 Serpentum
305 1837 436 1920 patulos
460 1840 590 1922 gestant
612 1860 671 1922 pro
696 1839 818 1903 casside
841 1839 956 1927 rictus,

48 1960 49 1964 ¹
89 1928 235 1992 Pendent
258 1926 404 2009 vipereae
428 1946 599 2007 squamosa
621 1927 705 2010 pelle
728 1928 905 2011 pharetrae.

89 2015 168 2081 Non
190 2015 236 2078 110
258 2013 425 2077 intremuit
449 2012 577 2100 Simois,
600 2036 673 2080 cum
695 2017 862 2081 montibus
884 2015 960 2081 Idae

89 2103 194 2190 Nigra
217 2103 380 2166 coloratus
402 2102 593 2186 produceret
616 2105 745 2190 agmina
767 2105 929 2190 Memnon,
1053 2123 1104 2173 265

89 2192 167 2258 Non
189 2190 327 2277 Ganges,
351 2211 423 2255 cum
445 2192 511 2256 tela
533 2193 646 2276 procul
668 2193 872 2259 vibrantibus
895 2192 984 2258 Indis

88 2280 232 2345 Inmunis
255 2280 396 2344 medium
418 2283 559 2345 vectaret
582 2281 678 2345 belua
700 2281 829 2347 Porum.

88 2370 192 2434 Porus
214 2367 409 2453 Alexandro,
431 2367 585 2434 Memnon
606 2373 790 2453 prostratus
813 2369 944 2454 Achilli,

90 2458 185 2522 Gildo
207 2480 321 2541 nempe
347 2457 417 2521 tibi.

456 2543 526 2608 Nec
549 2545 655 2609 solum
678 2544 820 2608 fervidus
842 2543 1010 2629 Austrum,

89 2634 152 2699 Sed
174 2637 282 2717 partes
306 2632 404 2695 etiam
426 2630 556 2696 Mavors
579 2633 726 2718 agitabat
748 2631 844 2696 ans.
1050 2648 1104 2700 270

89 2721 242 2800 Quamvis
267 2720 467 2801 obstreperet
489 2720 603 2805 pietas,
625 2720 676 2784 his
699 2720 754 2784 ille
778 2720 934 2806 regendae

89 2809 312 2875 Transtulerat
334 2829 453 2872 nomen
474 2807 596 2892 Libyae
620 2809 795 2891 scelerique
817 2808 955 2893 profano

88 2900 202 2963 Fallax
225 2897 404 2984 legitimam
426 2896 519 2981 regni
540 2898 765 2980 praetenderat
787 2898 943 2961 umbram.

88 2988 249 3074 Surgebat
272 2986 436 3073 geminum
458 2985 547 3049 varia
569 2986 740 3050 formidine
763 2986 894 3071 bellum,

87 3076 161 3140 Hoc
184 3076 291 3161 armiS,
313 3075 375 3139 hoc
397 3074 491 3138 triste
515 3074 606 3139 dolis.
642 3075 714 3139 Hoc
736 3073 848 3139 Africa
872 3075 975 3139 saevis
1048 3091 1101 3140 275

90 3165 241 3229 Cinxerat
264 3163 402 3249 auxiliis,
423 3163 486 3227 hoc
509 3163 695 3228 coniuratus
719 3164 826 3227 alebat

87 3253 218 3318 Insidiis
242 3251 363 3317 Oriens.
402 3250 497 3316 Illinc
520 3253 623 3317 edicta
646 3252 797 3317 meabant

89 3342 289 3426 Corruptura
312 3342 424 3426 duces,
446 3340 522 3405 hinc
544 3341 694 3427 frugibus
717 3345 787 3405 atra
809 3341 936 3427 negatis

87 3430 235 3517 Vrgebat
257 3429 479 3514 trepidamque
502 3429 603 3494 fames
628 3429 796 3494 obsederat
819 3431 940 3495 urbem.

87 3519 230 3584 Exitiale
253 3519 360 3603 palam
382 3517 554 3606 Libycum3
578 3519 671 3583 civile
693 3518 825 3602 pudoris
1049 3533 1101 3583 280

837 3621 892 3676 lu*
