2392 3870
193 135 394 190 CARMINVM
411 135 588 190 MINORVM
606 137 799 208 APPaNfflX,
818 155 842 193 c.
856 139 992 196 v-vm.
1034 143 1100 208 305

149 296 260 361 Vivite
283 296 392 361 felices
417 319 514 380 quam
535 298 698 384 longaque
721 299 842 383 carpite
866 301 979 366 saecla.
1065 320 1100 370 85

83 385 193 450 Viuite
217 385 403 472 concordes,
427 385 526 450 donec
549 390 674 470 premat
697 409 761 452 una
785 393 932 453 senectus

84 472 191 539 Ambo
216 475 262 559 et]
286 479 394 539 restra
416 474 558 539 habeant
580 479 732 540 natorum
754 481 831 541 vota
853 482 997 561 nepotes,

568 666 616 723 Vl.

413 799 467 857 DE
491 800 768 859 LIBERALIBVS.

149 917 276 982 Lenaee
299 917 449 981 vitisator
471 917 601 981 Bromie
625 916 779 982 Semeleia
802 919 927 984 Bacche

84 1004 316 1088 Thyrsitenens
340 1006 478 1069 bimeter
500 1006 661 1070 trieterice
683 1005 786 1089 Nysie
808 1007 918 1093 Liber,

83 1092 161 1157 Flos
184 1091 376 1176 Ariadnaeo,
401 1092 615 1176 Corybantice
638 1094 721 1158 laete
744 1094 914 1181 Thyoneu,

84 1181 135 1244 Da
157 1181 297 1245 reditum
319 1180 428 1246 nobis:
452 1181 499 1245 sic
521 1181 601 1245 totis
625 1181 732 1245 dulcia
755 1181 833 1246 rivis

85 1269 194 1332 Musta
217 1270 320 1333 fluant
344 1273 534 1353 spumetque
558 1269 645 1334 cavis
668 1270 828 1335 vindemia
850 1271 960 1338 labris.
1085 1291 1102 1340 o

564 1444 623 1500 Vll.

450 1558 555 1617 LAVS
578 1559 737 1618 MARTIS.

151 1656 254 1742 Mars,
276 1661 369 1740 pater
392 1678 570 1745 armorum,
592 1658 769 1724 fortissime
791 1659 1014 1746 belligerator,

84 1745 167 1810 Esto
190 1746 302 1809 volens
326 1745 414 1809 mitis
438 1745 543 1811 facilis
567 1747 658 1833 deus,
682 1751 752 1811 esto
775 1747 949 1834 benignus:

85 1833 138 1899 Sic
160 1833 223 1898 tibi
244 1837 321 1917 post
343 1856 470 1920 pugnas
493 1839 525 1899 et
547 1838 660 1919 pastos
684 1835 840 1923 sanguine
864 1858 994 1921 campos

84 1920 262 2006 Amplexus
285 1922 410 1987 tribuat
432 1922 531 1987 vincli
555 1946 666 1988 secura
691 1924 838 2009 Cythere.

152 2011 201 2075 Tu
225 2010 323 2077 crista
345 2012 502 2098 galeaque
524 2013 636 2099 rubes,
658 2017 696 2078 tu
717 2013 853 2098 pulcher
875 2015 910 2078 in
932 2036 1017 2100 aere3
1086 2032 1103 2081 5

82 2098 208 2163 Incutis
231 2121 248 2163 e
270 2099 364 2164 vultu
387 2100 546 2165 radiantia
568 2101 691 2177 lumina
714 2103 808 2168 ferro.

84 2186 129 2252 Te
152 2187 270 2253 thorax
293 2188 451 2275 galeaque
474 2194 604 2277 tegunt,
626 2213 694 2256 non
717 2214 782 2276 quo
805 2192 867 2256 tibi
889 2196 995 2257 terror

84 2275 226 2340 Hostilis
250 2277 378 2364 subeat,
402 2278 458 2343 sed
481 2279 568 2364 quod
591 2280 687 2345 decor
709 2281 776 2345 exit
799 2282 840 2345 ab
864 2281 971 2345 armis.

84 2364 133 2428 Tu
158 2387 230 2429 cum
252 2365 419 2450 pulsatum
442 2368 537 2452 clipei
561 2370 761 2434 concusseris
786 2368 910 2453 orbem,

84 2450 229 2540 Inmugit
252 2455 406 2541 mundus,
429 2457 527 2520 tellus
550 2457 674 2541 tremit,
697 2478 838 2540 aequora
861 2456 986 2520 cedunt.
1070 2473 1103 2522 10

151 2541 202 2605 Da
215 2542 320 2609 ¹nobis
344 2543 490 2607 reditum.
527 2543 672 2607 Patriam
694 2547 878 2627 repetamus
902 2547 1048 2609 ovantes:

85 2626 138 2692 Sic
161 2628 223 2692 tibi
245 2628 383 2694 lascivae
407 2630 610 2696 celebrentur
631 2631 667 2695 in
688 2631 768 2695 urbe
791 2631 955 2698 kalendae.

558 2805 632 2860 Vlll.

415 2936 468 2994 na
493 2935 778 3015 ivnonmmrs.

152 3049 249 3136 Iuno]
272 3053 349 3135 poli'
365 3053 507 3140 domina,
531 3057 582 3120 cui
605 3056 711 3121 vincla
733 3055 856 3141 iugalia
879 3077 986 3144 curae,

86 3138 235 3222 Supremi
259 3140 339 3205 caeli
362 3143 447 3229 regis
472 3144 675 3228 coniunxque
699 3165 867 3232 sororque,

85 3227 137 3291 Da
159 3229 298 3295 reditum
321 3231 429 3296 nobis:
454 3232 501 3297 sic
523 3255 660 3319 regnum
681 3237 826 3299 transeat
849 3234 938 3300 orbis
958 3286 1072 3301 .....

88 3354 300 3366 --.-.....

159 3420 197 3475 VI
222 3429 238 3478 3
266 3423 452 3494 Corybantice
493 3425 689 3494 Malorum
717 3425 860 3483 coriatice.
952 3433 969 3482 ὁ
996 3428 1112 3496 mactat

89 3491 217 3562 Eiectum
235 3510 325 3550 mura.
398 3494 423 3549 V
485 3500 501 3550 3
520 3495 579 3570 Da]
596 3497 632 3554 L.
651 3498 823 3567 Muellerum
839 3498 904 3552 tet.

138 3588 278 3634 curvatur
292 3591 358 3650 01³2,
371 3595 407 3638 ed.
423 3597 514 3643 Koch.
881 3585 925 3636 Ἃ)
