2438 3878
105 179 216 250 (XXII.)
230 178 278 232 DE
293 177 444 234 CONSVL.
461 177 689 234 STILICHONIS
702 176 812 232 LIBER
826 144 1025 236 SECVNCVS.
1059 180 1123 245 157

107 340 176 406 Aut
200 341 235 404 in
258 363 292 404 se
314 345 445 405 vertunt
468 341 561 405 furiis
585 344 641 405 aut
664 339 778 404 militis
801 361 876 404 ense

109 429 264 494 Bacchati
286 429 410 494 laniant
432 430 577 494 Pentheo
601 450 736 512 corpora
758 428 837 514 ritu,

108 517 247 583 Insidias
270 522 421 605 retegrmt
444 519 534 583 etin
556 518 627 602 ipsa
651 517 770 582 cubilia
792 517 943 584 fraudum

110 607 243 671 Ducunt
266 629 323 671 ceu
345 611 456 671 tenera
478 611 649 672 venantem
671 627 748 670 nare
770 604 915 671 Molossi.
1072 625 1124 674 110

111 694 282 760 Ominibus
304 699 441 760 ventura
463 699 579 760 notant
603 698 659 759 aut
682 694 759 759 alite
781 699 964 760 monstrant

111 783 179 849 Aut
201 785 343 849 monitos
367 788 454 849 certa
477 782 652 870 dignantur
673 783 814 870 imagine
838 805 977 849 somnos.

177 873 241 937 Pro
266 873 384 957 quibus
407 874 593 938 innumerae
616 872 801 936 trabearum
824 873 966 960 insignia
988 878 1092 940 terrae

112 960 267 1026 Certatim
289 963 409 1046 petiere
432 962 503 1026 tibi.
538 961 753 1026 Poscentibus
775 961 845 1045 ipse

109 1049 289 1115 Restiteras
313 1054 345 1114 et
367 1072 472 1137 mens,
494 1051 632 1115 aliorum
654 1072 757 1134 prona
779 1050 897 1137 favori,
1072 1067 1124 1119 110

109 1137 209 1203 Iudex
233 1140 313 1203 dura
337 1140 400 1225 sui,
423 1139 549 1204 facibus
572 1160 724 1203 succensa
747 1137 879 1222 pudoris

112 1227 216 1291 Tarda
237 1228 425 1293 verecundis
448 1231 580 1292 excusat
602 1227 744 1311 praemia
767 1227 880 1291 causis.

111 1316 202 1402 Ergo
226 1316 337 1380 avidae
359 1320 532 1400 tantosque
554 1316 631 1380 novi
654 1337 711 1399 spe
735 1316 876 1379 consulis
899 1337 1001 1380 annos

111 1404 232 1468 Elusae
257 1405 403 1469 dominae
425 1408 565 1492 pergunt
588 1404 628 1468 ad
651 1404 763 1468 limina
785 1402 921 1489 Romae,

112 1491 148 1558 Si
170 1494 277 1558 minus
301 1493 448 1559 adnuerit
470 1494 634 1579 precibus,
656 1493 707 1557 vel
731 1514 844 1579 cogere
869 1496 972 1557 certae
1073 1510 1125 1560 115

114 1580 326 1647 Cunctantem
349 1587 490 1667 votoque
512 1604 620 1646 moras
644 1582 769 1645 auferre
791 1585 930 1664 paratae.
1070 1597 1078 1610 ·

114 1669 316 1737 Conveniunt
339 1672 488 1737 adtacta
511 1671 600 1757 deae,
624 1692 705 1754 quae
729 1670 867 1734 candida
889 1670 998 1736 lucent
1023 1728 1025 1732 .

112 1759 225 1825 Monte
247 1761 407 1825 Palatino.
445 1759 575 1825 Claucis
598 1763 669 1823 tum
691 1760 795 1843 prima
817 1758 980 1823 Minervae

113 1848 206 1913 Nexa
229 1870 354 1913 comam
376 1849 465 1913 foliis
488 1849 640 1932 fulvaque
664 1848 789 1912 intexta
811 1848 983 1913 micantem

112 1936 212 2001 Veste
236 1936 361 2023 Tagum
383 1937 465 2002 tales
487 1938 611 2020 profert
634 1936 792 2021 Hispania
814 1958 922 2001 voces:
1073 1954 1125 2004 130

183 2024 323 2090 ‘Cuncta
340 2026 421 2090 mihi
439 2048 564 2111 semper
578 2025 728 2111 Stilicho,
748 2047 966 2109 quaecumque
984 2026 1127 2112 poposci,

114 2113 282 2178 Concessit
305 2118 496 2199 tantumque
518 2137 595 2190 suos
618 2114 734 2178 invidit
756 2115 904 2179 honores.

113 2202 257 2290 Augusti
279 2204 387 2288 potuit
410 2204 513 2269 soceri
536 2206 738 2268 contemnere
761 2204 877 2268 fasces:

114 2290 184 2356 Iam
206 2296 304 2379 negat
327 2296 359 2357 et
382 2315 510 2380 genero.
547 2291 672 2357 Sinon
693 2295 731 2356 ut
754 2293 868 2356 ductor
891 2292 931 2355 ab
956 2292 1033 2357 orbe

115 2380 217 2457 Quem
239 2383 336 2469 regit,
359 2383 503 2466 accipiat,
519 2381 634 2445 saltem
658 2385 815 2467 cognatus
838 2380 879 2443 ab
902 2380 985 2445 aula.
1075 2397 1127 2447 135

113 2470 319 2557 Exiguumne
341 2474 450 2556 putat,
473 2470 560 2554 quod
584 2470 630 2534 sic
652 2469 818 2553 amplexus
841 2468 997 2532 Hiberam

113 2559 306 2646 Progeniem
328 2564 459 2624 nostros
481 2559 606 2623 inmoto
628 2559 697 2622 iure
720 2561 854 2642 nepotes

115 2646 275 2733 Sustinet,
297 2651 334 2712 ut
357 2649 499 2731 patrium
522 2647 721 2712 commendet
743 2667 886 2730 purpura
908 2643 1056 2709 Baetim?
1140 2716 1142 2721 ,

115 2735 210 2812 Quod
232 2735 368 2819 pulchro
391 2736 513 2801 Mariae
535 2735 686 2800 fecundat
708 2734 851 2821 germine
874 2733 1032 2819 regnum?

116 2823 210 2900 Quod
233 2824 371 2889 dominis
395 2829 543 2909 speratur
566 2824 682 2888 avus?'
1075 2839 1127 2888 140

725 2910 808 2974 Tum
830 2911 913 2975 flava
936 2933 1053 2996 repexo

117 3000 223 3066 Gallia
247 3002 332 3066 crine
355 3003 447 3067 ferox
470 3003 659 3084 evinctaque
682 3004 797 3082 torque
812 2999 936 3083 ,decoro

116 3090 262 3174 Binaque
285 3113 382 3177 gaesa
403 3094 517 3155 tenens
541 3091 686 3155 animoso
709 3091 838 3173 pectore
861 3088 963 3153 fatur:

117 3178 196 3256 ‘Qui
218 3180 299 3244 mihi
323 3179 499 3245 Germanos
524 3178 613 3244 solus
635 3178 842 3260 Francosque
865 3177 1008 3264 subegit,

118 3267 183 3332 Cur
205 3269 348 3334 nondum
371 3269 491 3356 legitur
513 3267 629 3332 fastis?
653 3288 709 3331 cur
730 3267 849 3352 pagina
871 3270 999 3332 tantum

115 3356 229 3422 Nescit
248 3358 352 3421 adhuc
369 3380 495 3443 nomen,
519 3356 688 3440 quodiam
705 3378 872 3420 numerare
892 3355 1046 3420 decebat?
1076 3372 1128 3421 140

188 3559 239 3607 139
259 3549 404 3622 fecundat]
423 3551 551 3625 310110ος
568 3547 718 3610 fecundet.
