<?xml version="1.0" encoding="UTF-8"?>
<!DOCTYPE html PUBLIC "-//W3C//DTD XHTML 1.0 Transitional//EN"
    "http://www.w3.org/TR/xhtml1/DTD/xhtml1-transitional.dtd">
<html xmlns="http://www.w3.org/1999/xhtml" xml:lang="en" lang="en">
 <head>
  <title>
</title>
<meta http-equiv="Content-Type" content="text/html;charset=utf-8" />
  <meta name='ocr-system' content='tesseract 3.04.00' />
  <meta name='ocr-capabilities' content='ocr_page ocr_carea ocr_par ocr_line ocrx_word'/>
</head>
<body>
  <div class='ocr_page' id='page_1' title='image "./claudiiclaudian03claugoog_0189.png"; bbox 0 0 2392 3870; ppageno 0'>
   <div class='ocr_carea' id='block_1_1' title="bbox 107 161 796 234">
    <p class='ocr_par' dir='ltr' id='par_1_1' title="bbox 107 161 796 234">
     <span class='ocr_line' id='line_1_1' title="bbox 107 161 796 234; baseline -0.02 -2"><span class='ocrx_word' id='word_1_1' title='bbox 107 170 170 234; x_wconf 88' lang='grc'>118</span> <span class='ocrx_word' id='word_1_2' title='bbox 430 164 578 220; x_wconf 81' lang='lat' dir='ltr'>CLAVDII</span> <span class='ocrx_word' id='word_1_3' title='bbox 596 161 796 219; x_wconf 81' lang='lat' dir='ltr'>CLAVDIANI</span> 
     </span>
    </p>
   </div>
   <div class='ocr_carea' id='block_1_2' title="bbox 42 326 1155 3339">
    <p class='ocr_par' dir='ltr' id='par_1_2' title="bbox 42 326 1155 3339">
     <span class='ocr_line' id='line_1_2' title="bbox 104 326 1129 412; baseline -0.004 -16"><span class='ocrx_word' id='word_1_4' title='bbox 104 328 262 396; x_wconf 88' lang='lat' dir='ltr'>Horrebit</span> <span class='ocrx_word' id='word_1_5' title='bbox 288 326 442 412; x_wconf 90' lang='lat' dir='ltr'>strepitus</span> <span class='ocrx_word' id='word_1_6' title='bbox 465 327 556 392; x_wconf 91' lang='lat' dir='ltr'>nulla</span> <span class='ocrx_word' id='word_1_7' title='bbox 579 350 646 392; x_wconf 93' lang='lat' dir='ltr'>non</span> <span class='ocrx_word' id='word_1_8' title='bbox 669 326 783 391; x_wconf 91' lang='lat' dir='ltr'>anxius</span> <span class='ocrx_word' id='word_1_9' title='bbox 806 326 895 390; x_wconf 78' lang='lat' dir='ltr'>hora,</span> <span class='ocrx_word' id='word_1_10' title='bbox 1075 343 1129 394; x_wconf 79' lang='lat'>280</span> 
     </span>
     <span class='ocr_line' id='line_1_3' title="bbox 105 414 885 501; baseline -0.009 -16"><span class='ocrx_word' id='word_1_11' title='bbox 105 420 183 485; x_wconf 88' lang='lat' dir='ltr'>Non</span> <span class='ocrx_word' id='word_1_12' title='bbox 206 419 252 483; x_wconf 90' lang='lat' dir='ltr'>sic</span> <span class='ocrx_word' id='word_1_13' title='bbox 274 416 441 501; x_wconf 75' lang='lat' dir='ltr'>excubiae,</span> <span class='ocrx_word' id='word_1_14' title='bbox 464 439 532 481; x_wconf 95' lang='lat' dir='ltr'>non</span> <span class='ocrx_word' id='word_1_15' title='bbox 555 414 796 481; x_wconf 79' lang='lat' dir='ltr'><strong>circumstantia</strong></span> <span class='ocrx_word' id='word_1_16' title='bbox 819 414 885 498; x_wconf 89' lang='lat' dir='ltr'>pila</span> 
     </span>
     <span class='ocr_line' id='line_1_4' title="bbox 106 503 973 590; baseline -0.006 -18"><span class='ocrx_word' id='word_1_17' title='bbox 106 508 211 585; x_wconf 84' lang='lat' dir='ltr'>Quam</span> <span class='ocrx_word' id='word_1_18' title='bbox 233 509 361 570; x_wconf 90' lang='lat' dir='ltr'>tutatur</span> <span class='ocrx_word' id='word_1_19' title='bbox 384 527 482 570; x_wconf 92' lang='lat' dir='ltr'>amor.</span> <span class='ocrx_word' id='word_1_20' title='bbox 527 505 605 570; x_wconf 89' lang='lat' dir='ltr'>Non</span> <span class='ocrx_word' id='word_1_21' title='bbox 627 503 835 587; x_wconf 75' lang='lat' dir='ltr'>extorquebis</span> <span class='ocrx_word' id='word_1_22' title='bbox 859 504 973 590; x_wconf 70' lang='lat' dir='ltr'>amari,</span> 
     </span>
     <span class='ocr_line' id='line_1_5' title="bbox 42 592 949 680; baseline -0.003 -20"><span class='ocrx_word' id='word_1_23' title='bbox 42 623 44 627; x_wconf 51' lang='lat'><em>⁴</em></span> <span class='ocrx_word' id='word_1_24' title='bbox 106 596 180 660; x_wconf 91' lang='lat' dir='ltr'>Hoc</span> <span class='ocrx_word' id='word_1_25' title='bbox 204 596 328 660; x_wconf 87' lang='lat' dir='ltr'>alterna</span> <span class='ocrx_word' id='word_1_26' title='bbox 351 594 444 680; x_wconf 89' lang='lat' dir='ltr'>fides,</span> <span class='ocrx_word' id='word_1_27' title='bbox 467 595 529 658; x_wconf 89' lang='lat' dir='ltr'>hoc</span> <span class='ocrx_word' id='word_1_28' title='bbox 553 593 689 677; x_wconf 86' lang='lat' dir='ltr'>simplex</span> <span class='ocrx_word' id='word_1_29' title='bbox 713 592 818 680; x_wconf 83' lang='lat' dir='ltr'>gratia</span> <span class='ocrx_word' id='word_1_30' title='bbox 842 592 949 657; x_wconf 91' lang='lat' dir='ltr'>donat.</span> 
     </span>
     <span class='ocr_line' id='line_1_6' title="bbox 107 681 1025 767; baseline -0.003 -18"><span class='ocrx_word' id='word_1_31' title='bbox 107 685 224 749; x_wconf 87' lang='lat' dir='ltr'>Nonne</span> <span class='ocrx_word' id='word_1_32' title='bbox 247 683 349 767; x_wconf 86' lang='lat' dir='ltr'>vides,</span> <span class='ocrx_word' id='word_1_33' title='bbox 373 704 506 766; x_wconf 88' lang='lat' dir='ltr'>operum</span> <span class='ocrx_word' id='word_1_34' title='bbox 530 683 617 766; x_wconf 92' lang='lat' dir='ltr'>quod</span> <span class='ocrx_word' id='word_1_35' title='bbox 640 705 673 746; x_wconf 90' lang='lat' dir='ltr'>se</span> <span class='ocrx_word' id='word_1_36' title='bbox 696 681 932 765; x_wconf 88' lang='lat' dir='ltr'>pulcherrimus</span> <span class='ocrx_word' id='word_1_37' title='bbox 955 682 1025 766; x_wconf 90' lang='lat' dir='ltr'>ipse</span> 
     </span>
     <span class='ocr_line' id='line_1_7' title="bbox 107 771 1127 858; baseline 0.001 -21"><span class='ocrx_word' id='word_1_38' title='bbox 107 772 249 837; x_wconf 90' lang='lat' dir='ltr'>Mundus</span> <span class='ocrx_word' id='word_1_39' title='bbox 273 793 381 835; x_wconf 89' lang='lat' dir='ltr'>amore</span> <span class='ocrx_word' id='word_1_40' title='bbox 403 771 498 858; x_wconf 84' lang='lat' dir='ltr'>liget,</span> <span class='ocrx_word' id='word_1_41' title='bbox 520 793 579 835; x_wconf 93' lang='lat' dir='ltr'>nec</span> <span class='ocrx_word' id='word_1_42' title='bbox 602 771 634 834; x_wconf 87' lang='lat' dir='ltr'>vi</span> <span class='ocrx_word' id='word_1_43' title='bbox 658 793 779 834; x_wconf 87' lang='lat' dir='ltr'>conexa</span> <span class='ocrx_word' id='word_1_44' title='bbox 801 793 859 854; x_wconf 87' lang='lat' dir='ltr'>per</span> <span class='ocrx_word' id='word_1_45' title='bbox 882 793 996 835; x_wconf 85' lang='lat' dir='ltr'>aevum</span> <span class='ocrx_word' id='word_1_46' title='bbox 1074 789 1127 838; x_wconf 79' lang='lat'>285</span> 
     </span>
     <span class='ocr_line' id='line_1_8' title="bbox 110 859 1005 945; baseline -0.003 -19"><span class='ocrx_word' id='word_1_47' title='bbox 110 860 304 945; x_wconf 70' lang='lat' dir='ltr'>conspirent</span> <span class='ocrx_word' id='word_1_48' title='bbox 328 860 485 924; x_wconf 88' lang='lat' dir='ltr'>elementa</span> <span class='ocrx_word' id='word_1_49' title='bbox 509 859 594 923; x_wconf 81' lang='lat' dir='ltr'>sibi?</span> <span class='ocrx_word' id='word_1_50' title='bbox 618 859 705 943; x_wconf 92' lang='lat' dir='ltr'>quod</span> <span class='ocrx_word' id='word_1_51' title='bbox 727 859 830 923; x_wconf 88' lang='lat' dir='ltr'>limite</span> <span class='ocrx_word' id='word_1_52' title='bbox 853 859 1005 924; x_wconf 88' lang='lat' dir='ltr'>Phoebus</span> 
     </span>
     <span class='ocr_line' id='line_1_9' title="bbox 111 948 890 1034; baseline -0.005 -19"><span class='ocrx_word' id='word_1_53' title='bbox 111 948 290 1015; x_wconf 77' lang='lat' dir='ltr'>Contentus</span> <span class='ocrx_word' id='word_1_54' title='bbox 312 948 435 1034; x_wconf 85' lang='lat' dir='ltr'>medio,</span> <span class='ocrx_word' id='word_1_55' title='bbox 458 951 532 1012; x_wconf 88' lang='lat' dir='ltr'>cont</span> <span class='ocrx_word' id='word_1_56' title='bbox 535 953 628 1012; x_wconf 90' lang='lat' dir='ltr'>entus</span> <span class='ocrx_word' id='word_1_57' title='bbox 652 948 747 1011; x_wconf 85' lang='lat' dir='ltr'>litore</span> <span class='ocrx_word' id='word_1_58' title='bbox 770 952 851 1032; x_wconf 91' lang='lat' dir='ltr'>pont</span> <span class='ocrx_word' id='word_1_59' title='bbox 852 971 890 1011; x_wconf 93' lang='lat' dir='ltr'>us</span> 
     </span>
     <span class='ocr_line' id='line_1_10' title="bbox 109 1000 930 1137; baseline -0.002 -35"><span class='ocrx_word' id='word_1_60' title='bbox 109 1038 167 1123; x_wconf 78' lang='lat' dir='ltr'>nt,</span> <span class='ocrx_word' id='word_1_61' title='bbox 192 1038 247 1121; x_wconf 91' lang='lat' dir='ltr'>qui</span> <span class='ocrx_word' id='word_1_62' title='bbox 269 1042 382 1121; x_wconf 87' lang='lat' dir='ltr'>perpet</span> <span class='ocrx_word' id='word_1_63' title='bbox 383 1000 435 1101; x_wconf 46' lang='lat' dir='ltr'>uo,</span> <span class='ocrx_word' id='word_1_64' title='bbox 449 1042 552 1100; x_wconf 91' lang='lat' dir='ltr'>terras</span> <span class='ocrx_word' id='word_1_65' title='bbox 575 1036 677 1100; x_wconf 87' lang='lat' dir='ltr'>ambit</span> <span class='ocrx_word' id='word_1_66' title='bbox 663 1041 740 1120; x_wconf 89' lang='lat' dir='ltr'>tque</span> <span class='ocrx_word' id='word_1_67' title='bbox 763 1037 852 1100; x_wconf 87' lang='lat' dir='ltr'>vehit</span> <span class='ocrx_word' id='word_1_68' title='bbox 838 1041 930 1137; x_wconf 87' lang='lat' dir='ltr'>tque,</span> 
     </span>
     <span class='ocr_line' id='line_1_11' title="bbox 109 1125 1155 1211; baseline -0.002 -20"><span class='ocrx_word' id='word_1_69' title='bbox 109 1127 179 1192; x_wconf 89' lang='lat' dir='ltr'>Nec</span> <span class='ocrx_word' id='word_1_70' title='bbox 202 1130 327 1211; x_wconf 88' lang='lat' dir='ltr'>premat</span> <span class='ocrx_word' id='word_1_71' title='bbox 313 1126 538 1190; x_wconf 87' lang='lat' dir='ltr'>tincumbens</span> <span class='ocrx_word' id='word_1_72' title='bbox 563 1125 652 1189; x_wconf 91' lang='lat' dir='ltr'>oneri</span> <span class='ocrx_word' id='word_1_73' title='bbox 674 1147 733 1189; x_wconf 90' lang='lat' dir='ltr'>nec</span> <span class='ocrx_word' id='word_1_74' title='bbox 757 1126 889 1189; x_wconf 88' lang='lat' dir='ltr'>cesserit</span> <span class='ocrx_word' id='word_1_75' title='bbox 875 1125 988 1190; x_wconf 83' lang='lat' dir='ltr'>taer?</span> <span class='ocrx_word' id='word_1_76' title='bbox 1147 1184 1155 1201; x_wconf 85' lang='grc'><em>,</em></span> 
     </span>
     <span class='ocr_line' id='line_1_12' title="bbox 113 1213 1129 1300; baseline 0.001 -20"><span class='ocrx_word' id='word_1_77' title='bbox 113 1215 212 1291; x_wconf 82' lang='lat' dir='ltr'>Quit</span> <span class='ocrx_word' id='word_1_78' title='bbox 214 1219 298 1280; x_wconf 91' lang='lat' dir='ltr'>erret</span> <span class='ocrx_word' id='word_1_79' title='bbox 303 1267 311 1300; x_wconf 90' lang='lat'>,</span> <span class='ocrx_word' id='word_1_80' title='bbox 334 1215 440 1299; x_wconf 88' lang='lat' dir='ltr'>plus&#39;</span> <span class='ocrx_word' id='word_1_81' title='bbox 432 1219 538 1298; x_wconf 88' lang='lat' dir='ltr'>1pset</span> <span class='ocrx_word' id='word_1_82' title='bbox 524 1214 632 1299; x_wconf 91' lang='lat' dir='ltr'>timet·</span> <span class='ocrx_word' id='word_1_83' title='bbox 656 1236 726 1278; x_wconf 92' lang='lat' dir='ltr'>sors</span> <span class='ocrx_word' id='word_1_84' title='bbox 749 1213 814 1277; x_wconf 90' lang='lat' dir='ltr'>ista</span> <span class='ocrx_word' id='word_1_85' title='bbox 795 1215 984 1298; x_wconf 86' lang='lat' dir='ltr'>atyrannis</span> <span class='ocrx_word' id='word_1_86' title='bbox 1075 1233 1129 1282; x_wconf 77' lang='lat'>290</span> 
     </span>
     <span class='ocr_line' id='line_1_13' title="bbox 113 1267 975 1389; baseline -0.002 -21"><span class='ocrx_word' id='word_1_87' title='bbox 113 1303 283 1369; x_wconf 78' lang='lat' dir='ltr'>Convenit·</span> <span class='ocrx_word' id='word_1_88' title='bbox 256 1307 284 1389; x_wconf 92' lang='lat' dir='ltr'>t,</span> <span class='ocrx_word' id='word_1_89' title='bbox 306 1303 470 1368; x_wconf 75' lang='lat' dir='ltr'>invideant</span> <span class='ocrx_word' id='word_1_90' title='bbox 494 1302 589 1367; x_wconf 88' lang='lat' dir='ltr'>elaris</span> <span class='ocrx_word' id='word_1_91' title='bbox 612 1267 777 1386; x_wconf 79' lang='lat' dir='ltr'>fbrtesque</span> <span class='ocrx_word' id='word_1_92' title='bbox 800 1303 975 1389; x_wconf 75' lang='lat' dir='ltr'>trucident,</span> 
     </span>
     <span class='ocr_line' id='line_1_14' title="bbox 111 1391 862 1479; baseline -0.004 -21"><span class='ocrx_word' id='word_1_93' title='bbox 111 1392 231 1458; x_wconf 88' lang='lat' dir='ltr'>Muniti</span> <span class='ocrx_word' id='word_1_94' title='bbox 254 1392 370 1479; x_wconf 82' lang='lat' dir='ltr'>gladiis</span> <span class='ocrx_word' id='word_1_95' title='bbox 393 1392 504 1456; x_wconf 81' lang='lat' dir='ltr'>vivant</span> <span class='ocrx_word' id='word_1_96' title='bbox 528 1391 694 1475; x_wconf 83' lang='lat' dir='ltr'>saeptique</span> <span class='ocrx_word' id='word_1_97' title='bbox 717 1391 862 1477; x_wconf 86' lang='lat' dir='ltr'>venenis,</span> 
     </span>
     <span class='ocr_line' id='line_1_15' title="bbox 112 1479 958 1566; baseline -0.004 -19"><span class='ocrx_word' id='word_1_98' title='bbox 112 1481 280 1566; x_wconf 83' lang='lat' dir='ltr'>Ancipites</span> <span class='ocrx_word' id='word_1_99' title='bbox 303 1480 444 1545; x_wconf 85' lang='lat' dir='ltr'>habeant</span> <span class='ocrx_word' id='word_1_100' title='bbox 468 1503 556 1545; x_wconf 89' lang='lat' dir='ltr'>arces</span> <span class='ocrx_word' id='word_1_101' title='bbox 579 1479 759 1564; x_wconf 88' lang='lat' dir='ltr'>trepidique</span> <span class='ocrx_word' id='word_1_102' title='bbox 782 1479 958 1545; x_wconf 90' lang='lat' dir='ltr'>minentur:</span> 
     </span>
     <span class='ocr_line' id='line_1_16' title="bbox 112 1569 1003 1656; baseline -0.003 -21"><span class='ocrx_word' id='word_1_103' title='bbox 112 1571 162 1635; x_wconf 85' lang='lat' dir='ltr'>Tu</span> <span class='ocrx_word' id='word_1_104' title='bbox 186 1571 287 1635; x_wconf 88' lang='lat' dir='ltr'>civem</span> <span class='ocrx_word' id='word_1_105' title='bbox 308 1573 497 1654; x_wconf 89' lang='lat' dir='ltr'>patremque</span> <span class='ocrx_word' id='word_1_106' title='bbox 520 1591 627 1656; x_wconf 85' lang='lat' dir='ltr'>geras,</span> <span class='ocrx_word' id='word_1_107' title='bbox 650 1573 688 1633; x_wconf 95' lang='lat' dir='ltr'>tu</span> <span class='ocrx_word' id='word_1_108' title='bbox 710 1569 842 1632; x_wconf 86' lang='lat' dir='ltr'>consule</span> <span class='ocrx_word' id='word_1_109' title='bbox 866 1569 1003 1654; x_wconf 86' lang='lat' dir='ltr'>cunctis,</span> 
     </span>
     <span class='ocr_line' id='line_1_17' title="bbox 113 1657 1130 1744; baseline -0.001 -20"><span class='ocrx_word' id='word_1_110' title='bbox 113 1660 190 1725; x_wconf 88' lang='lat' dir='ltr'>Non</span> <span class='ocrx_word' id='word_1_111' title='bbox 212 1659 288 1744; x_wconf 90' lang='lat' dir='ltr'>tibi,</span> <span class='ocrx_word' id='word_1_112' title='bbox 310 1681 369 1723; x_wconf 91' lang='lat' dir='ltr'>nec</span> <span class='ocrx_word' id='word_1_113' title='bbox 391 1663 449 1722; x_wconf 90' lang='lat' dir='ltr'>tua</span> <span class='ocrx_word' id='word_1_114' title='bbox 471 1662 504 1722; x_wconf 88' lang='lat' dir='ltr'>te</span> <span class='ocrx_word' id='word_1_115' title='bbox 527 1662 690 1742; x_wconf 88' lang='lat' dir='ltr'>moveant,</span> <span class='ocrx_word' id='word_1_116' title='bbox 715 1657 770 1721; x_wconf 91' lang='lat' dir='ltr'>sed</span> <span class='ocrx_word' id='word_1_117' title='bbox 792 1657 922 1741; x_wconf 89' lang='lat' dir='ltr'>publica</span> <span class='ocrx_word' id='word_1_118' title='bbox 944 1662 1029 1722; x_wconf 84' lang='lat' dir='ltr'>vota.</span> <span class='ocrx_word' id='word_1_119' title='bbox 1076 1675 1130 1724; x_wconf 75' lang='lat'>295</span> 
     </span>
     <span class='ocr_line' id='line_1_18' title="bbox 182 1745 1099 1832; baseline -0.001 -21"><span class='ocrx_word' id='word_1_120' title='bbox 182 1745 233 1811; x_wconf 74' lang='lat' dir='ltr'>‘In</span> <span class='ocrx_word' id='word_1_121' title='bbox 256 1769 424 1812; x_wconf 90' lang='lat' dir='ltr'>commune</span> <span class='ocrx_word' id='word_1_122' title='bbox 447 1747 539 1811; x_wconf 90' lang='lat' dir='ltr'>iubes</span> <span class='ocrx_word' id='word_1_123' title='bbox 564 1747 591 1810; x_wconf 91' lang='lat' dir='ltr'>si</span> <span class='ocrx_word' id='word_1_124' title='bbox 615 1746 693 1829; x_wconf 92' lang='lat' dir='ltr'>quid</span> <span class='ocrx_word' id='word_1_125' title='bbox 716 1767 888 1829; x_wconf 88' lang='lat' dir='ltr'>censesque</span> <span class='ocrx_word' id='word_1_126' title='bbox 911 1747 1099 1832; x_wconf 89' lang='lat' dir='ltr'>tenendum,</span> 
     </span>
     <span class='ocr_line' id='line_1_19' title="bbox 114 1834 929 1918; baseline -0.004 -17"><span class='ocrx_word' id='word_1_127' title='bbox 114 1835 244 1901; x_wconf 91' lang='lat' dir='ltr'>Primus</span> <span class='ocrx_word' id='word_1_128' title='bbox 266 1835 355 1899; x_wconf 86' lang='lat' dir='ltr'>iussa</span> <span class='ocrx_word' id='word_1_129' title='bbox 378 1835 464 1900; x_wconf 90' lang='lat' dir='ltr'>subi:</span> <span class='ocrx_word' id='word_1_130' title='bbox 487 1840 565 1899; x_wconf 91' lang='lat' dir='ltr'>tunc</span> <span class='ocrx_word' id='word_1_131' title='bbox 589 1834 813 1899; x_wconf 83' lang='lat' dir='ltr'>observantior</span> <span class='ocrx_word' id='word_1_132' title='bbox 835 1835 929 1918; x_wconf 88' lang='lat' dir='ltr'>aequi</span> 
     </span>
     <span class='ocr_line' id='line_1_20' title="bbox 114 1923 1017 2009; baseline 0 -21"><span class='ocrx_word' id='word_1_133' title='bbox 114 1923 169 1988; x_wconf 86' lang='lat' dir='ltr'>Fit</span> <span class='ocrx_word' id='word_1_134' title='bbox 192 1923 332 2007; x_wconf 91' lang='lat' dir='ltr'>populus</span> <span class='ocrx_word' id='word_1_135' title='bbox 355 1945 414 1987; x_wconf 91' lang='lat' dir='ltr'>nec</span> <span class='ocrx_word' id='word_1_136' title='bbox 436 1923 519 1987; x_wconf 88' lang='lat' dir='ltr'>ferre</span> <span class='ocrx_word' id='word_1_137' title='bbox 541 1929 653 2009; x_wconf 87' lang='lat' dir='ltr'>negat,</span> <span class='ocrx_word' id='word_1_138' title='bbox 677 1946 750 1988; x_wconf 89' lang='lat' dir='ltr'>cum</span> <span class='ocrx_word' id='word_1_139' title='bbox 771 1923 887 1988; x_wconf 82' lang='lat' dir='ltr'>viderit</span> <span class='ocrx_word' id='word_1_140' title='bbox 910 1923 1017 2007; x_wconf 91' lang='lat' dir='ltr'>ipsum</span> 
     </span>
     <span class='ocr_line' id='line_1_21' title="bbox 115 2011 889 2096; baseline -0.001 -19"><span class='ocrx_word' id='word_1_141' title='bbox 115 2012 291 2077; x_wconf 83' lang='lat' dir='ltr'>Auctorem</span> <span class='ocrx_word' id='word_1_142' title='bbox 313 2033 425 2095; x_wconf 90' lang='lat' dir='ltr'>parere</span> <span class='ocrx_word' id='word_1_143' title='bbox 448 2011 518 2076; x_wconf 91' lang='lat' dir='ltr'>sibi.</span> <span class='ocrx_word' id='word_1_144' title='bbox 566 2011 778 2096; x_wconf 77' lang='lat' dir='ltr'>Componitur</span> <span class='ocrx_word' id='word_1_145' title='bbox 802 2012 889 2076; x_wconf 89' lang='lat' dir='ltr'>orbis</span> 
     </span>
     <span class='ocr_line' id='line_1_22' title="bbox 115 2100 1131 2187; baseline 0.002 -21"><span class='ocrx_word' id='word_1_146' title='bbox 115 2101 216 2187; x_wconf 84' lang='lat' dir='ltr'>Regis</span> <span class='ocrx_word' id='word_1_147' title='bbox 240 2100 280 2164; x_wconf 91' lang='lat' dir='ltr'>ad</span> <span class='ocrx_word' id='word_1_148' title='bbox 302 2101 497 2184; x_wconf 88' lang='lat' dir='ltr'>exemplum,</span> <span class='ocrx_word' id='word_1_149' title='bbox 520 2123 578 2165; x_wconf 92' lang='lat' dir='ltr'>nec</span> <span class='ocrx_word' id='word_1_150' title='bbox 602 2100 648 2164; x_wconf 92' lang='lat' dir='ltr'>sic</span> <span class='ocrx_word' id='word_1_151' title='bbox 670 2101 831 2164; x_wconf 87' lang='lat' dir='ltr'>inflectere</span> <span class='ocrx_word' id='word_1_152' title='bbox 856 2123 968 2165; x_wconf 86' lang='lat' dir='ltr'>sensus</span> <span class='ocrx_word' id='word_1_153' title='bbox 1077 2119 1131 2168; x_wconf 85' lang='grc'>300</span> 
     </span>
     <span class='ocr_line' id='line_1_23' title="bbox 116 2188 925 2276; baseline 0.001 -23"><span class='ocrx_word' id='word_1_154' title='bbox 116 2189 285 2253; x_wconf 90' lang='lat' dir='ltr'>Humanos</span> <span class='ocrx_word' id='word_1_155' title='bbox 308 2188 411 2252; x_wconf 89' lang='lat' dir='ltr'>edicta</span> <span class='ocrx_word' id='word_1_156' title='bbox 433 2189 542 2253; x_wconf 84' lang='lat' dir='ltr'>valent</span> <span class='ocrx_word' id='word_1_157' title='bbox 566 2211 663 2272; x_wconf 91' lang='lat' dir='ltr'>quam</span> <span class='ocrx_word' id='word_1_158' title='bbox 684 2189 752 2253; x_wconf 82' lang='lat' dir='ltr'>vita</span> <span class='ocrx_word' id='word_1_159' title='bbox 775 2190 925 2276; x_wconf 83' lang='lat' dir='ltr'>regentis.</span> 
     </span>
     <span class='ocr_line' id='line_1_24' title="bbox 116 2278 964 2365; baseline 0 -22"><span class='ocrx_word' id='word_1_160' title='bbox 116 2278 238 2343; x_wconf 89' lang='lat' dir='ltr'>Mobile</span> <span class='ocrx_word' id='word_1_161' title='bbox 260 2280 406 2342; x_wconf 89' lang='lat' dir='ltr'>mutatur</span> <span class='ocrx_word' id='word_1_162' title='bbox 429 2299 554 2360; x_wconf 88' lang='lat' dir='ltr'>semper</span> <span class='ocrx_word' id='word_1_163' title='bbox 577 2299 649 2341; x_wconf 91' lang='lat' dir='ltr'>cum</span> <span class='ocrx_word' id='word_1_164' title='bbox 671 2278 816 2362; x_wconf 91' lang='lat' dir='ltr'>principe</span> <span class='ocrx_word' id='word_1_165' title='bbox 838 2279 964 2365; x_wconf 78' lang='lat' dir='ltr'>vulgus,</span> 
     </span>
     <span class='ocr_line' id='line_1_25' title="bbox 184 2366 950 2432; baseline 0.001 -1"><span class='ocrx_word' id='word_1_166' title='bbox 184 2367 257 2431; x_wconf 74' lang='lat' dir='ltr'>‘His</span> <span class='ocrx_word' id='word_1_167' title='bbox 280 2370 390 2431; x_wconf 89' lang='lat' dir='ltr'>tamen</span> <span class='ocrx_word' id='word_1_168' title='bbox 411 2366 533 2431; x_wconf 85' lang='lat' dir='ltr'>effectis</span> <span class='ocrx_word' id='word_1_169' title='bbox 556 2389 619 2431; x_wconf 91' lang='lat' dir='ltr'>neu</span> <span class='ocrx_word' id='word_1_170' title='bbox 641 2367 786 2431; x_wconf 86' lang='lat' dir='ltr'>fastidire</span> <span class='ocrx_word' id='word_1_171' title='bbox 809 2367 950 2432; x_wconf 88' lang='lat' dir='ltr'>minores</span> 
     </span>
     <span class='ocr_line' id='line_1_26' title="bbox 116 2454 1030 2541; baseline -0.003 -18"><span class='ocrx_word' id='word_1_172' title='bbox 116 2455 190 2524; x_wconf 90' lang='lat' dir='ltr'>Neu</span> <span class='ocrx_word' id='word_1_173' title='bbox 212 2460 287 2541; x_wconf 89' lang='lat' dir='ltr'>pete</span> <span class='ocrx_word' id='word_1_174' title='bbox 309 2456 525 2540; x_wconf 87' lang='lat' dir='ltr'>praescriptos</span> <span class='ocrx_word' id='word_1_175' title='bbox 547 2454 672 2520; x_wconf 92' lang='lat' dir='ltr'>homini</span> <span class='ocrx_word' id='word_1_176' title='bbox 694 2456 919 2520; x_wconf 87' lang='lat' dir='ltr'>transcendere</span> <span class='ocrx_word' id='word_1_177' title='bbox 941 2457 1030 2520; x_wconf 86' lang='lat' dir='ltr'>fines.</span> 
     </span>
     <span class='ocr_line' id='line_1_27' title="bbox 116 2544 1131 2632; baseline -0.001 -21"><span class='ocrx_word' id='word_1_178' title='bbox 116 2545 270 2630; x_wconf 81' lang='lat' dir='ltr'>inquinat</span> <span class='ocrx_word' id='word_1_179' title='bbox 293 2545 441 2632; x_wconf 82' lang='lat' dir='ltr'>egregios</span> <span class='ocrx_word' id='word_1_180' title='bbox 464 2544 614 2609; x_wconf 91' lang='lat' dir='ltr'>adiuncta</span> <span class='ocrx_word' id='word_1_181' title='bbox 637 2545 788 2628; x_wconf 88' lang='lat' dir='ltr'>superbia</span> <span class='ocrx_word' id='word_1_182' title='bbox 810 2566 924 2626; x_wconf 85' lang='lat' dir='ltr'>mores.</span> <span class='ocrx_word' id='word_1_183' title='bbox 1078 2562 1131 2611; x_wconf 84' lang='lat'>305</span> 
     </span>
     <span class='ocr_line' id='line_1_28' title="bbox 117 2633 957 2718; baseline -0.001 -19"><span class='ocrx_word' id='word_1_184' title='bbox 117 2635 194 2699; x_wconf 89' lang='lat' dir='ltr'>Non</span> <span class='ocrx_word' id='word_1_185' title='bbox 217 2635 279 2699; x_wconf 90' lang='lat' dir='ltr'>tibi</span> <span class='ocrx_word' id='word_1_186' title='bbox 301 2634 493 2698; x_wconf 88' lang='lat' dir='ltr'>tradidimus</span> <span class='ocrx_word' id='word_1_187' title='bbox 517 2633 635 2698; x_wconf 88' lang='lat' dir='ltr'>dociles</span> <span class='ocrx_word' id='word_1_188' title='bbox 659 2633 779 2698; x_wconf 86' lang='lat' dir='ltr'>servire</span> <span class='ocrx_word' id='word_1_189' title='bbox 802 2633 957 2718; x_wconf 85' lang='lat' dir='ltr'>Sabaeos,</span> 
     </span>
     <span class='ocr_line' id='line_1_29' title="bbox 116 2721 960 2807; baseline -0.001 -20"><span class='ocrx_word' id='word_1_190' title='bbox 116 2721 288 2787; x_wconf 83' lang='lat' dir='ltr'>Armeniae</span> <span class='ocrx_word' id='word_1_191' title='bbox 312 2723 477 2787; x_wconf 92' lang='lat' dir='ltr'>dominum</span> <span class='ocrx_word' id='word_1_192' title='bbox 498 2745 566 2787; x_wconf 94' lang='lat' dir='ltr'>non</span> <span class='ocrx_word' id='word_1_193' title='bbox 587 2727 620 2786; x_wconf 91' lang='lat' dir='ltr'>te</span> <span class='ocrx_word' id='word_1_194' title='bbox 642 2722 854 2806; x_wconf 86' lang='lat' dir='ltr'>praefecimus</span> <span class='ocrx_word' id='word_1_195' title='bbox 873 2744 960 2807; x_wconf 88' lang='lat' dir='ltr'>orae,</span> 
     </span>
     <span class='ocr_line' id='line_1_30' title="bbox 117 2810 1094 2897; baseline -0.002 -21"><span class='ocrx_word' id='word_1_196' title='bbox 117 2811 187 2876; x_wconf 90' lang='lat' dir='ltr'>Nec</span> <span class='ocrx_word' id='word_1_197' title='bbox 211 2811 323 2874; x_wconf 89' lang='lat' dir='ltr'>damus</span> <span class='ocrx_word' id='word_1_198' title='bbox 346 2810 528 2897; x_wconf 84' lang='lat' dir='ltr'>Assyriam,</span> <span class='ocrx_word' id='word_1_199' title='bbox 551 2812 657 2876; x_wconf 87' lang='lat' dir='ltr'>tenuit</span> <span class='ocrx_word' id='word_1_200' title='bbox 681 2833 778 2895; x_wconf 87' lang='lat' dir='ltr'>quam</span> <span class='ocrx_word' id='word_1_201' title='bbox 800 2811 933 2896; x_wconf 89' lang='lat' dir='ltr'>femina,</span> <span class='ocrx_word' id='word_1_202' title='bbox 956 2813 1094 2896; x_wconf 85' lang='lat' dir='ltr'>gentem.</span> 
     </span>
     <span class='ocr_line' id='line_1_31' title="bbox 116 2899 877 2987; baseline 0.001 -24"><span class='ocrx_word' id='word_1_203' title='bbox 116 2899 269 2985; x_wconf 87' lang='lat' dir='ltr'>Romani,</span> <span class='ocrx_word' id='word_1_204' title='bbox 293 2899 349 2983; x_wconf 91' lang='lat' dir='ltr'>qui</span> <span class='ocrx_word' id='word_1_205' title='bbox 372 2906 486 2964; x_wconf 91' lang='lat' dir='ltr'>cuncta</span> <span class='ocrx_word' id='word_1_206' title='bbox 511 2900 565 2964; x_wconf 88' lang='lat' dir='ltr'>diu</span> <span class='ocrx_word' id='word_1_207' title='bbox 587 2922 710 2985; x_wconf 86' lang='lat' dir='ltr'>rexere,</span> <span class='ocrx_word' id='word_1_208' title='bbox 733 2899 877 2987; x_wconf 89' lang='lat' dir='ltr'>regendi,</span> 
     </span>
     <span class='ocr_line' id='line_1_32' title="bbox 119 2988 1133 3072; baseline 0.001 -20"><span class='ocrx_word' id='word_1_209' title='bbox 119 2988 181 3064; x_wconf 83' lang='lat' dir='ltr'>Qui</span> <span class='ocrx_word' id='word_1_210' title='bbox 203 3010 262 3052; x_wconf 89' lang='lat' dir='ltr'>nec</span> <span class='ocrx_word' id='word_1_211' title='bbox 285 2988 451 3072; x_wconf 83' lang='lat' dir='ltr'>Tarquinii</span> <span class='ocrx_word' id='word_1_212' title='bbox 473 2989 578 3065; x_wconf 86' lang='lat' dir='ltr'>fastus</span> <span class='ocrx_word' id='word_1_213' title='bbox 600 3011 659 3053; x_wconf 89' lang='lat' dir='ltr'>nec</span> <span class='ocrx_word' id='word_1_214' title='bbox 681 2989 752 3053; x_wconf 92' lang='lat' dir='ltr'>iura</span> <span class='ocrx_word' id='word_1_215' title='bbox 775 2989 878 3053; x_wconf 91' lang='lat' dir='ltr'>tulere</span> <span class='ocrx_word' id='word_1_216' title='bbox 1079 3004 1133 3053; x_wconf 82' lang='lat'>310</span> 
     </span>
     <span class='ocr_line' id='line_1_33' title="bbox 120 3075 984 3160; baseline 0 -20"><span class='ocrx_word' id='word_1_217' title='bbox 120 3076 276 3141; x_wconf 81' lang='lat' dir='ltr'>Caesaris.</span> <span class='ocrx_word' id='word_1_218' title='bbox 321 3075 464 3142; x_wconf 86' lang='lat' dir='ltr'>Annales</span> <span class='ocrx_word' id='word_1_219' title='bbox 486 3083 631 3141; x_wconf 88' lang='lat' dir='ltr'>veterum</span> <span class='ocrx_word' id='word_1_220' title='bbox 654 3077 770 3142; x_wconf 89' lang='lat' dir='ltr'>delicta</span> <span class='ocrx_word' id='word_1_221' title='bbox 792 3078 984 3160; x_wconf 92' lang='lat' dir='ltr'>loquuntur:</span> 
     </span>
     <span class='ocr_line' id='line_1_34' title="bbox 117 3164 1079 3250; baseline -0.001 -22"><span class='ocrx_word' id='word_1_222' title='bbox 117 3164 306 3229; x_wconf 88' lang='lat' dir='ltr'>Haerebunt</span> <span class='ocrx_word' id='word_1_223' title='bbox 329 3167 481 3230; x_wconf 90' lang='lat' dir='ltr'>maculae.</span> <span class='ocrx_word' id='word_1_224' title='bbox 528 3165 607 3242; x_wconf 82' lang='lat' dir='ltr'>Quis</span> <span class='ocrx_word' id='word_1_225' title='bbox 629 3187 696 3231; x_wconf 92' lang='grc'>11011</span> <span class='ocrx_word' id='word_1_226' title='bbox 717 3189 775 3250; x_wconf 90' lang='lat' dir='ltr'>per</span> <span class='ocrx_word' id='word_1_227' title='bbox 797 3166 925 3230; x_wconf 90' lang='lat' dir='ltr'>saecula</span> <span class='ocrx_word' id='word_1_228' title='bbox 948 3166 1079 3229; x_wconf 90' lang='lat' dir='ltr'>damnat</span> 
     </span>
     <span class='ocr_line' id='line_1_35' title="bbox 119 3253 998 3339; baseline -0.002 -20"><span class='ocrx_word' id='word_1_229' title='bbox 119 3253 292 3319; x_wconf 81' lang='lat' dir='ltr'>Caesareae</span> <span class='ocrx_word' id='word_1_230' title='bbox 314 3259 465 3339; x_wconf 90' lang='lat' dir='ltr'>portenta</span> <span class='ocrx_word' id='word_1_231' title='bbox 488 3255 624 3319; x_wconf 84' lang='lat' dir='ltr'>domus?</span> <span class='ocrx_word' id='word_1_232' title='bbox 647 3277 742 3339; x_wconf 91' lang='lat' dir='ltr'>quem</span> <span class='ocrx_word' id='word_1_233' title='bbox 766 3256 835 3319; x_wconf 89' lang='lat' dir='ltr'>dira</span> <span class='ocrx_word' id='word_1_234' title='bbox 857 3254 998 3320; x_wconf 89' lang='lat' dir='ltr'>Neronis</span> 
     </span>
    </p>
   </div>
   <div class='ocr_carea' id='block_1_3' title="bbox 116 3341 1133 3608">
    <p class='ocr_par' dir='ltr' id='par_1_3' title="bbox 116 3341 1133 3608">
     <span class='ocr_line' id='line_1_36' title="bbox 116 3341 980 3428; baseline 0 -22"><span class='ocrx_word' id='word_1_235' title='bbox 116 3341 257 3428; x_wconf 87' lang='lat' dir='ltr'>Funera,</span> <span class='ocrx_word' id='word_1_236' title='bbox 282 3365 377 3426; x_wconf 89' lang='lat' dir='ltr'>quern</span> <span class='ocrx_word' id='word_1_237' title='bbox 400 3365 496 3426; x_wconf 91' lang='lat' dir='ltr'>rupes</span> <span class='ocrx_word' id='word_1_238' title='bbox 521 3342 715 3427; x_wconf 77' lang='lat' dir='ltr'>Caprearum</span> <span class='ocrx_word' id='word_1_239' title='bbox 738 3348 842 3408; x_wconf 89' lang='lat' dir='ltr'>taetra</span> <span class='ocrx_word' id='word_1_240' title='bbox 865 3343 980 3408; x_wconf 89' lang='lat' dir='ltr'>latebit</span> 
     </span>
     <span class='ocr_line' id='line_1_37' title="bbox 117 3429 1133 3515; baseline -0.001 -19"><span class='ocrx_word' id='word_1_241' title='bbox 117 3429 245 3496; x_wconf 89' lang='lat' dir='ltr'>Incesto</span> <span class='ocrx_word' id='word_1_242' title='bbox 268 3454 418 3515; x_wconf 90' lang='lat' dir='ltr'>possessa</span> <span class='ocrx_word' id='word_1_243' title='bbox 442 3431 532 3495; x_wconf 84' lang='lat' dir='ltr'>seni?</span> <span class='ocrx_word' id='word_1_244' title='bbox 576 3433 713 3497; x_wconf 88' lang='lat' dir='ltr'>Victura</span> <span class='ocrx_word' id='word_1_245' title='bbox 736 3433 858 3497; x_wconf 86' lang='lat' dir='ltr'>feretur</span> <span class='ocrx_word' id='word_1_246' title='bbox 1080 3447 1133 3496; x_wconf 84' lang='lat'>315</span> 
     </span>
     <span class='ocr_line' id='line_1_38' title="bbox 118 3519 1051 3608; baseline -0.001 -23"><span class='ocrx_word' id='word_1_247' title='bbox 118 3519 230 3585; x_wconf 81' lang='lat' dir='ltr'>Gloria</span> <span class='ocrx_word' id='word_1_248' title='bbox 253 3521 396 3608; x_wconf 88' lang='lat' dir='ltr'>Traiani,</span> <span class='ocrx_word' id='word_1_249' title='bbox 418 3523 575 3586; x_wconf 91' lang='lat' dir='ltr'>nontam</span> <span class='ocrx_word' id='word_1_250' title='bbox 599 3521 686 3605; x_wconf 92' lang='lat' dir='ltr'>quod</span> <span class='ocrx_word' id='word_1_251' title='bbox 708 3519 837 3607; x_wconf 82' lang='lat' dir='ltr'>Tigride</span> <span class='ocrx_word' id='word_1_252' title='bbox 861 3521 947 3586; x_wconf 85' lang='lat' dir='ltr'>victo</span> <span class='ocrx_word' id='word_1_253' title='bbox 1048 3591 1051 3596; x_wconf 14' lang='grc' dir='ltr'><strong>Α</strong></span> 
     </span>
    </p>
   </div>
   <div class='ocr_carea' id='block_1_4' title="bbox 0 0 1213 3870">
    <p class='ocr_par' dir='ltr' id='par_1_4' title="bbox 0 0 1213 3870">
     <span class='ocr_line' id='line_1_39' title="bbox 0 0 1213 3870; baseline 0 0"><span class='ocrx_word' id='word_1_254' title='bbox 0 0 1213 3870; x_wconf 95' lang='lat' dir='ltr'> </span> 
     </span>
    </p>
   </div>
  </div>
 </body>
</html>
