2392 3870
123 712 319 787 otnvnss
351 710 615 785 CLAVDIANI
646 711 701 782 IN
733 711 956 784 RVFINVM
993 713 1141 785 LIBER

534 851 722 924 PRIMVS.

419 1029 572 1090 INCIPIT
595 1029 836 1092 PRAEFATIO.

598 1162 660 1234 (Η.)

121 1271 272 1338 Phoebeo
296 1273 438 1337 domitus
457 1272 588 1356 Python
611 1294 683 1336 cum
707 1272 825 1337 decidit
848 1295 925 1336 arcu

166 1362 375 1445 Membraque
400 1359 552 1424 Cirrhaeo
575 1360 660 1424 fudit
684 1361 800 1425 anhela
823 1361 910 1447 iugc,

123 1450 186 1528 Qui
210 1451 307 1536 spiris
330 1452 454 1536 tegeret
476 1452 612 1534 montes,
635 1449 780 1514 hauriret
803 1450 896 1513 hiatu

166 1539 329 1624 Flumina,
353 1537 540 1624 sanguineis
562 1540 710 1623 tangeret
734 1542 822 1602 astra
845 1537 945 1602 iubis:

121 1625 191 1691 Iam
214 1627 297 1691 liber
318 1626 482 1691 Parnasus
505 1629 574 1689 erat
596 1648 744 1708 nexuque
768 1628 875 1691 soluto
1123 1646 1139 1691 5

169 1715 324 1798 Coeperat
348 1718 454 1779 erecta
477 1736 608 1799 surgere
631 1714 745 1779 fronde
768 1737 881 1779 nemus

124 1802 369 1886 concussaeque
392 1801 448 1865 diu
471 1802 625 1887 spatiosis
648 1803 808 1867 tractibus
832 1803 903 1867 orni

168 1891 303 1956 Securos
325 1889 431 1954 ventis
455 1891 635 1976 explicuere
659 1913 767 1956 comas

121 1979 167 2045 Et
191 1980 247 2063 qui
269 1980 398 2064 vipereo
423 1979 584 2063 spumavit
608 2002 701 2064 saepe
724 2002 846 2045 veneno

168 2068 324 2152 Cephisos
346 2067 461 2132 nitidis
483 2067 596 2152 purior
618 2068 688 2132 ibat
710 2069 812 2151 aquis.
1107 2086 1137 2133 10

123 2155 236 2221 Omnis
260 2157 304 2222 ‘io
326 2155 445 2221 Paean’
469 2157 558 2243 regio
583 2160 690 2242 sonat3
714 2157 822 2221 omnia
844 2156 1012 2221 Phoebum

166 2245 255 2309 Rura
278 2250 410 2331 canunt3
432 2244 578 2328 tripodas
601 2245 728 2329 plenior
750 2268 828 2309 aura
850 2250 946 2330 rotat,

121 2333 308 2418 Auditoque
330 2335 444 2419 procul
466 2333 633 2397 Musarum
656 2334 796 2398 carmine
820 2334 906 2398 dulci

165 2423 218 2488 Ad
240 2423 405 2488 Themidis
428 2425 544 2486 coeunt
567 2425 660 2485 antra
683 2444 792 2486 severa
816 2423 874 2487 dei.

122 2598 218 2663 Nunc
241 2598 305 2663 alio
330 2599 452 2664 domini
474 2599 549 2663 telis
573 2598 721 2680 Pythone
744 2602 910 2682 perempto
1106 2616 1137 2662 15

169 2686 327 2751 Convenit
350 2689 391 2750 ad
412 2691 558 2751 nostram
581 2709 672 2750 sacra
695 2690 822 2751 caterva
844 2687 958 2772 lyram,

123 2773 186 2851 Qui
209 2775 360 2839 stabilem
383 2797 514 2839 servans
536 2774 697 2861 Augustis
720 2775 877 2839 fratribus
901 2776 1013 2839 orbem

166 2862 298 2927 IustItia
320 2886 445 2949 pacem,
467 2864 592 2927 viribus
616 2885 704 2928 arma
727 2864 820 2950 regib.

523 3150 735 3158 ——-—-—-
