<?xml version="1.0" encoding="UTF-8"?>
<!DOCTYPE html PUBLIC "-//W3C//DTD XHTML 1.0 Transitional//EN"
    "http://www.w3.org/TR/xhtml1/DTD/xhtml1-transitional.dtd">
<html xmlns="http://www.w3.org/1999/xhtml" xml:lang="en" lang="en">
 <head>
  <title>
</title>
<meta http-equiv="Content-Type" content="text/html;charset=utf-8" />
  <meta name='ocr-system' content='tesseract 3.04.00' />
  <meta name='ocr-capabilities' content='ocr_page ocr_carea ocr_par ocr_line ocrx_word'/>
</head>
<body>
  <div class='ocr_page' id='page_1' title='image "./claudiiclaudian03claugoog_0073.png"; bbox 0 0 2392 3870; ppageno 0'>
   <div class='ocr_carea' id='block_1_1' title="bbox 132 152 818 216">
    <p class='ocr_par' dir='ltr' id='par_1_1' title="bbox 132 152 818 216">
     <span class='ocr_line' id='line_1_1' title="bbox 132 152 818 216; baseline 0.001 -11"><span class='ocrx_word' id='word_1_1' title='bbox 132 153 152 216; x_wconf 83' lang='grc'>2</span> <span class='ocrx_word' id='word_1_2' title='bbox 456 152 602 207; x_wconf 81' lang='lat' dir='ltr'>CLAVDII</span> <span class='ocrx_word' id='word_1_3' title='bbox 621 153 818 208; x_wconf 81' lang='lat' dir='ltr'>CLAVDIANI</span> 
     </span>
    </p>
   </div>
   <div class='ocr_carea' id='block_1_2' title="bbox 132 313 1153 3051">
    <p class='ocr_par' dir='ltr' id='par_1_2' title="bbox 132 313 1153 2963">
     <span class='ocr_line' id='line_1_2' title="bbox 133 313 1148 402; baseline 0.005 -23"><span class='ocrx_word' id='word_1_4' title='bbox 133 315 223 379; x_wconf 85' lang='lat' dir='ltr'>Tunc</span> <span class='ocrx_word' id='word_1_5' title='bbox 245 316 339 379; x_wconf 91' lang='lat' dir='ltr'>iubar</span> <span class='ocrx_word' id='word_1_6' title='bbox 361 313 494 378; x_wconf 88' lang='lat' dir='ltr'>Arcturi</span> <span class='ocrx_word' id='word_1_7' title='bbox 516 316 658 402; x_wconf 78' lang='lat' dir='ltr'>languet,</span> <span class='ocrx_word' id='word_1_8' title='bbox 680 321 758 380; x_wconf 89' lang='lat' dir='ltr'>tunc</span> <span class='ocrx_word' id='word_1_9' title='bbox 780 316 870 379; x_wconf 82' lang='lat' dir='ltr'>fulva</span> <span class='ocrx_word' id='word_1_10' title='bbox 891 316 1013 381; x_wconf 84' lang='lat' dir='ltr'>Leonis</span> <span class='ocrx_word' id='word_1_11' title='bbox 1113 337 1148 385; x_wconf 74' lang='lat'>25</span> 
     </span>
     <span class='ocr_line' id='line_1_3' title="bbox 132 403 1008 488; baseline 0 -20"><span class='ocrx_word' id='word_1_12' title='bbox 132 403 185 468; x_wconf 92' lang='lat' dir='ltr'>Ira</span> <span class='ocrx_word' id='word_1_13' title='bbox 208 405 301 488; x_wconf 82' lang='lat' dir='ltr'>perit,</span> <span class='ocrx_word' id='word_1_14' title='bbox 324 404 475 467; x_wconf 89' lang='lat' dir='ltr'>Plaustro</span> <span class='ocrx_word' id='word_1_15' title='bbox 499 404 564 467; x_wconf 87' lang='lat' dir='ltr'>iam</span> <span class='ocrx_word' id='word_1_16' title='bbox 587 426 659 468; x_wconf 89' lang='lat' dir='ltr'>rara</span> <span class='ocrx_word' id='word_1_17' title='bbox 683 404 866 468; x_wconf 77' lang='lat' dir='ltr'>intermicat</span> <span class='ocrx_word' id='word_1_18' title='bbox 888 403 1008 470; x_wconf 88' lang='lat' dir='ltr'>Arctos</span> 
     </span>
     <span class='ocr_line' id='line_1_4' title="bbox 132 491 856 578; baseline 0 -22"><span class='ocrx_word' id='word_1_19' title='bbox 132 491 306 578; x_wconf 79' lang='lat' dir='ltr'>Indignata</span> <span class='ocrx_word' id='word_1_20' title='bbox 328 492 405 578; x_wconf 86' lang='lat' dir='ltr'>tegi,</span> <span class='ocrx_word' id='word_1_21' title='bbox 428 492 494 555; x_wconf 90' lang='lat' dir='ltr'>iam</span> <span class='ocrx_word' id='word_1_22' title='bbox 517 492 734 578; x_wconf 77' lang='lat' dir='ltr'>caligantibus</span> <span class='ocrx_word' id='word_1_23' title='bbox 758 493 856 556; x_wconf 90' lang='lat' dir='ltr'>armis</span> 
     </span>
     <span class='ocr_line' id='line_1_5' title="bbox 132 579 878 646; baseline -0.001 -1"><span class='ocrx_word' id='word_1_24' title='bbox 132 581 259 646; x_wconf 90' lang='lat' dir='ltr'>Debilis</span> <span class='ocrx_word' id='word_1_25' title='bbox 284 580 386 645; x_wconf 91' lang='lat' dir='ltr'>Orion</span> <span class='ocrx_word' id='word_1_26' title='bbox 408 579 553 644; x_wconf 79' lang='lat' dir='ltr'>dextram</span> <span class='ocrx_word' id='word_1_27' title='bbox 575 581 712 644; x_wconf 86' lang='lat' dir='ltr'>miratur</span> <span class='ocrx_word' id='word_1_28' title='bbox 735 581 878 644; x_wconf 85' lang='lat' dir='ltr'>inertem.</span> 
     </span>
     <span class='ocr_line' id='line_1_6' title="bbox 201 668 1148 754; baseline 0.003 -22"><span class='ocrx_word' id='word_1_29' title='bbox 201 669 301 746; x_wconf 82' lang='lat' dir='ltr'>Quem</span> <span class='ocrx_word' id='word_1_30' title='bbox 325 669 416 753; x_wconf 90' lang='lat' dir='ltr'>prius</span> <span class='ocrx_word' id='word_1_31' title='bbox 439 669 629 754; x_wconf 80' lang='lat' dir='ltr'>adgrediar?</span> <span class='ocrx_word' id='word_1_32' title='bbox 661 668 790 732; x_wconf 83' lang='lat' dir='ltr'>Veteris</span> <span class='ocrx_word' id='word_1_33' title='bbox 814 669 887 752; x_wconf 93' lang='lat' dir='ltr'>quis</span> <span class='ocrx_word' id='word_1_34' title='bbox 906 669 992 734; x_wconf 87' lang='lat' dir='ltr'>facta</span> <span class='ocrx_word' id='word_1_35' title='bbox 1011 671 1148 736; x_wconf 89' lang='lat' dir='ltr'>Probini</span> 
     </span>
     <span class='ocr_line' id='line_1_7' title="bbox 133 756 1149 843; baseline 0.002 -20"><span class='ocrx_word' id='word_1_36' title='bbox 133 758 267 824; x_wconf 88' lang='lat' dir='ltr'>Nesciat</span> <span class='ocrx_word' id='word_1_37' title='bbox 290 761 346 821; x_wconf 90' lang='lat' dir='ltr'>aut</span> <span class='ocrx_word' id='word_1_38' title='bbox 368 757 486 821; x_wconf 88' lang='lat' dir='ltr'>nimias</span> <span class='ocrx_word' id='word_1_39' title='bbox 509 756 620 820; x_wconf 90' lang='lat' dir='ltr'>laudes</span> <span class='ocrx_word' id='word_1_40' title='bbox 644 757 772 843; x_wconf 77' lang='lat' dir='ltr'>ignoret</span> <span class='ocrx_word' id='word_1_41' title='bbox 796 756 932 840; x_wconf 82' lang='lat' dir='ltr'>Olybri?</span> <span class='ocrx_word' id='word_1_42' title='bbox 1114 779 1149 825; x_wconf 84' lang='lat'>30</span> 
     </span>
     <span class='ocr_line' id='line_1_8' title="bbox 199 845 1105 932; baseline 0.002 -22"><span class='ocrx_word' id='word_1_43' title='bbox 199 845 292 910; x_wconf 84' lang='lat' dir='ltr'>Vivit</span> <span class='ocrx_word' id='word_1_44' title='bbox 315 845 419 909; x_wconf 90' lang='lat' dir='ltr'>adhuc</span> <span class='ocrx_word' id='word_1_45' title='bbox 442 846 644 929; x_wconf 77' lang='lat' dir='ltr'>completque</span> <span class='ocrx_word' id='word_1_46' title='bbox 667 846 759 932; x_wconf 87' lang='lat' dir='ltr'>vagis</span> <span class='ocrx_word' id='word_1_47' title='bbox 783 847 986 911; x_wconf 88' lang='lat' dir='ltr'>sermonibus</span> <span class='ocrx_word' id='word_1_48' title='bbox 1010 853 1105 912; x_wconf 88' lang='lat' dir='ltr'>aures</span> 
     </span>
     <span class='ocr_line' id='line_1_9' title="bbox 135 933 1008 1017; baseline 0 -18"><span class='ocrx_word' id='word_1_49' title='bbox 135 934 247 1000; x_wconf 80' lang='lat' dir='ltr'>Gloria</span> <span class='ocrx_word' id='word_1_50' title='bbox 270 934 342 997; x_wconf 77' lang='lat' dir='ltr'>fusa</span> <span class='ocrx_word' id='word_1_51' title='bbox 364 933 474 1017; x_wconf 84' lang='lat' dir='ltr'>Probi,</span> <span class='ocrx_word' id='word_1_52' title='bbox 498 956 594 1017; x_wconf 92' lang='lat' dir='ltr'>quam</span> <span class='ocrx_word' id='word_1_53' title='bbox 616 955 684 998; x_wconf 92' lang='lat' dir='ltr'>non</span> <span class='ocrx_word' id='word_1_54' title='bbox 705 938 840 998; x_wconf 87' lang='lat' dir='ltr'>ventura</span> <span class='ocrx_word' id='word_1_55' title='bbox 864 934 1008 999; x_wconf 88' lang='lat' dir='ltr'>silebunt</span> 
     </span>
     <span class='ocr_line' id='line_1_10' title="bbox 133 1022 963 1107; baseline 0 -20"><span class='ocrx_word' id='word_1_56' title='bbox 133 1024 252 1087; x_wconf 89' lang='lat' dir='ltr'>Lustra</span> <span class='ocrx_word' id='word_1_57' title='bbox 273 1043 333 1085; x_wconf 93' lang='lat' dir='ltr'>nec</span> <span class='ocrx_word' id='word_1_58' title='bbox 355 1022 468 1107; x_wconf 88' lang='lat' dir='ltr'>ignota</span> <span class='ocrx_word' id='word_1_59' title='bbox 491 1022 595 1106; x_wconf 89' lang='lat' dir='ltr'>rapiet</span> <span class='ocrx_word' id='word_1_60' title='bbox 619 1022 679 1085; x_wconf 92' lang='lat' dir='ltr'>sub</span> <span class='ocrx_word' id='word_1_61' title='bbox 702 1022 788 1086; x_wconf 88' lang='lat' dir='ltr'>nube</span> <span class='ocrx_word' id='word_1_62' title='bbox 810 1027 963 1088; x_wconf 83' lang='lat' dir='ltr'>vetustas.</span> 
     </span>
     <span class='ocr_line' id='line_1_11' title="bbox 134 1110 1071 1195; baseline 0.001 -20"><span class='ocrx_word' id='word_1_63' title='bbox 134 1110 232 1175; x_wconf 90' lang='lat' dir='ltr'>Illum</span> <span class='ocrx_word' id='word_1_64' title='bbox 255 1110 341 1173; x_wconf 83' lang='lat' dir='ltr'>fama</span> <span class='ocrx_word' id='word_1_65' title='bbox 362 1110 452 1174; x_wconf 86' lang='lat' dir='ltr'>vehit</span> <span class='ocrx_word' id='word_1_66' title='bbox 475 1114 565 1174; x_wconf 90' lang='lat' dir='ltr'>trans</span> <span class='ocrx_word' id='word_1_67' title='bbox 589 1132 729 1193; x_wconf 89' lang='lat' dir='ltr'>aequora</span> <span class='ocrx_word' id='word_1_68' title='bbox 751 1116 905 1195; x_wconf 91' lang='lat' dir='ltr'>transque</span> <span class='ocrx_word' id='word_1_69' title='bbox 928 1117 1071 1177; x_wconf 90' lang='lat' dir='ltr'>remotas</span> 
     </span>
     <span class='ocr_line' id='line_1_12' title="bbox 134 1197 1150 1284; baseline 0.003 -20"><span class='ocrx_word' id='word_1_70' title='bbox 134 1200 277 1282; x_wconf 84' lang='lat' dir='ltr'>Tethyos</span> <span class='ocrx_word' id='word_1_71' title='bbox 301 1199 452 1284; x_wconf 84' lang='lat' dir='ltr'>ambages</span> <span class='ocrx_word' id='word_1_72' title='bbox 474 1197 709 1281; x_wconf 88' lang='lat' dir='ltr'>Atlanteosque</span> <span class='ocrx_word' id='word_1_73' title='bbox 732 1222 884 1264; x_wconf 77' lang='lat' dir='ltr'>recessus,</span> <span class='ocrx_word' id='word_1_74' title='bbox 1117 1221 1150 1267; x_wconf 79' lang='lat'>35</span> 
     </span>
     <span class='ocr_line' id='line_1_13' title="bbox 133 1287 896 1373; baseline -0.001 -20"><span class='ocrx_word' id='word_1_75' title='bbox 133 1288 248 1353; x_wconf 80' lang='lat' dir='ltr'>Audiit</span> <span class='ocrx_word' id='word_1_76' title='bbox 272 1291 303 1351; x_wconf 91' lang='lat' dir='ltr'>et</span> <span class='ocrx_word' id='word_1_77' title='bbox 327 1287 434 1373; x_wconf 86' lang='lat' dir='ltr'>gelido</span> <span class='ocrx_word' id='word_1_78' title='bbox 458 1287 487 1349; x_wconf 92' lang='lat' dir='ltr'>si</span> <span class='ocrx_word' id='word_1_79' title='bbox 511 1309 605 1370; x_wconf 93' lang='lat' dir='ltr'>quem</span> <span class='ocrx_word' id='word_1_80' title='bbox 628 1287 770 1352; x_wconf 88' lang='lat' dir='ltr'>Maeotia</span> <span class='ocrx_word' id='word_1_81' title='bbox 792 1288 896 1372; x_wconf 91' lang='lat' dir='ltr'>pascit</span> 
     </span>
     <span class='ocr_line' id='line_1_14' title="bbox 136 1374 1009 1458; baseline 0 -17"><span class='ocrx_word' id='word_1_82' title='bbox 136 1376 202 1441; x_wconf 83' lang='lat' dir='ltr'>Sub</span> <span class='ocrx_word' id='word_1_83' title='bbox 225 1374 376 1441; x_wconf 84' lang='grc'><strong>1011111</strong></span> <span class='ocrx_word' id='word_1_84' title='bbox 400 1375 503 1439; x_wconf 91' lang='lat' dir='ltr'>calido</span> <span class='ocrx_word' id='word_1_85' title='bbox 528 1375 557 1438; x_wconf 88' lang='lat' dir='ltr'>si</span> <span class='ocrx_word' id='word_1_86' title='bbox 580 1376 653 1458; x_wconf 94' lang='lat' dir='ltr'>quis</span> <span class='ocrx_word' id='word_1_87' title='bbox 677 1376 867 1440; x_wconf 89' lang='lat' dir='ltr'>coniunctus</span> <span class='ocrx_word' id='word_1_88' title='bbox 891 1377 926 1440; x_wconf 92' lang='lat' dir='ltr'>in</span> <span class='ocrx_word' id='word_1_89' title='bbox 949 1399 1009 1441; x_wconf 83' lang='lat' dir='ltr'>axe</span> 
     </span>
     <span class='ocr_line' id='line_1_15' title="bbox 134 1462 921 1549; baseline -0.003 -19"><span class='ocrx_word' id='word_1_90' title='bbox 134 1465 329 1530; x_wconf 89' lang='lat' dir='ltr'>Nascentem</span> <span class='ocrx_word' id='word_1_91' title='bbox 351 1469 393 1549; x_wconf 78' lang='lat' dir='ltr'>te,</span> <span class='ocrx_word' id='word_1_92' title='bbox 415 1462 500 1548; x_wconf 86' lang='lat' dir='ltr'>Nile,</span> <span class='ocrx_word' id='word_1_93' title='bbox 523 1463 617 1527; x_wconf 91' lang='lat' dir='ltr'>bibit.</span> <span class='ocrx_word' id='word_1_94' title='bbox 654 1463 842 1529; x_wconf 89' lang='lat' dir='ltr'>Virtutibus</span> <span class='ocrx_word' id='word_1_95' title='bbox 865 1465 921 1529; x_wconf 91' lang='lat' dir='ltr'>ille</span> 
     </span>
     <span class='ocr_line' id='line_1_16' title="bbox 134 1552 1016 1635; baseline -0.001 -16"><span class='ocrx_word' id='word_1_96' title='bbox 134 1554 312 1619; x_wconf 76' lang='lat' dir='ltr'>Fortunam</span> <span class='ocrx_word' id='word_1_97' title='bbox 335 1552 459 1617; x_wconf 90' lang='lat' dir='ltr'>domuit</span> <span class='ocrx_word' id='word_1_98' title='bbox 481 1574 721 1635; x_wconf 87' lang='lat' dir='ltr'>numquamque</span> <span class='ocrx_word' id='word_1_99' title='bbox 743 1553 927 1618; x_wconf 87' lang='lat' dir='ltr'>levantibus</span> <span class='ocrx_word' id='word_1_100' title='bbox 950 1554 1016 1618; x_wconf 91' lang='lat' dir='ltr'>alte</span> 
     </span>
     <span class='ocr_line' id='line_1_17' title="bbox 134 1640 1152 1726; baseline 0.002 -19"><span class='ocrx_word' id='word_1_101' title='bbox 134 1641 294 1707; x_wconf 91' lang='lat' dir='ltr'>Intumuit</span> <span class='ocrx_word' id='word_1_102' title='bbox 317 1642 427 1726; x_wconf 83' lang='lat' dir='ltr'>rebus3</span> <span class='ocrx_word' id='word_1_103' title='bbox 451 1640 506 1704; x_wconf 91' lang='lat' dir='ltr'>sed</span> <span class='ocrx_word' id='word_1_104' title='bbox 528 1662 619 1704; x_wconf 90' lang='lat' dir='ltr'>mens</span> <span class='ocrx_word' id='word_1_105' title='bbox 643 1641 828 1705; x_wconf 90' lang='lat' dir='ltr'>circumflua</span> <span class='ocrx_word' id='word_1_106' title='bbox 851 1642 929 1705; x_wconf 87' lang='lat' dir='ltr'>luxu</span> <span class='ocrx_word' id='word_1_107' title='bbox 1118 1661 1152 1709; x_wconf 80' lang='lat'>40</span> 
     </span>
     <span class='ocr_line' id='line_1_18' title="bbox 135 1729 885 1816; baseline -0.001 -21"><span class='ocrx_word' id='word_1_108' title='bbox 135 1730 279 1796; x_wconf 87' lang='lat' dir='ltr'>Noverat</span> <span class='ocrx_word' id='word_1_109' title='bbox 302 1730 460 1793; x_wconf 91' lang='lat' dir='ltr'>intactum</span> <span class='ocrx_word' id='word_1_110' title='bbox 482 1729 564 1792; x_wconf 83' lang='lat' dir='ltr'>vitio</span> <span class='ocrx_word' id='word_1_111' title='bbox 589 1751 715 1793; x_wconf 89' lang='lat' dir='ltr'>servare</span> <span class='ocrx_word' id='word_1_112' title='bbox 737 1730 885 1816; x_wconf 90' lang='lat' dir='ltr'>rigorem.</span> 
     </span>
     <span class='ocr_line' id='line_1_19' title="bbox 136 1817 947 1904; baseline 0 -22"><span class='ocrx_word' id='word_1_113' title='bbox 136 1818 200 1882; x_wconf 89' lang='lat' dir='ltr'>Hic</span> <span class='ocrx_word' id='word_1_114' title='bbox 221 1839 289 1881; x_wconf 92' lang='lat' dir='ltr'>non</span> <span class='ocrx_word' id='word_1_115' title='bbox 312 1817 443 1880; x_wconf 91' lang='lat' dir='ltr'>divitias</span> <span class='ocrx_word' id='word_1_116' title='bbox 466 1818 672 1904; x_wconf 81' lang='lat' dir='ltr'>nigrantibus</span> <span class='ocrx_word' id='word_1_117' title='bbox 695 1818 821 1882; x_wconf 87' lang='lat' dir='ltr'>abdidit</span> <span class='ocrx_word' id='word_1_118' title='bbox 844 1818 947 1882; x_wconf 87' lang='lat' dir='ltr'>antris</span> 
     </span>
     <span class='ocr_line' id='line_1_20' title="bbox 136 1904 1023 1992; baseline 0 -21"><span class='ocrx_word' id='word_1_119' title='bbox 136 1906 205 1971; x_wconf 89' lang='lat' dir='ltr'>Nec</span> <span class='ocrx_word' id='word_1_120' title='bbox 227 1905 370 1969; x_wconf 89' lang='lat' dir='ltr'>tenebris</span> <span class='ocrx_word' id='word_1_121' title='bbox 394 1904 558 1969; x_wconf 90' lang='lat' dir='ltr'>damnavit</span> <span class='ocrx_word' id='word_1_122' title='bbox 582 1928 672 1992; x_wconf 81' lang='lat' dir='ltr'>opes3</span> <span class='ocrx_word' id='word_1_123' title='bbox 696 1905 752 1970; x_wconf 88' lang='lat' dir='ltr'>sed</span> <span class='ocrx_word' id='word_1_124' title='bbox 774 1907 896 1992; x_wconf 88' lang='lat' dir='ltr'>largior</span> <span class='ocrx_word' id='word_1_125' title='bbox 919 1907 1023 1971; x_wconf 89' lang='lat' dir='ltr'>imbre</span> 
     </span>
     <span class='ocr_line' id='line_1_21' title="bbox 137 1993 989 2060; baseline 0 -1"><span class='ocrx_word' id='word_1_126' title='bbox 137 1994 291 2059; x_wconf 85' lang='lat' dir='ltr'>Sueverat</span> <span class='ocrx_word' id='word_1_127' title='bbox 314 1993 498 2057; x_wconf 91' lang='lat' dir='ltr'>innumeras</span> <span class='ocrx_word' id='word_1_128' title='bbox 520 1994 689 2058; x_wconf 88' lang='lat' dir='ltr'>hominum</span> <span class='ocrx_word' id='word_1_129' title='bbox 711 1994 813 2058; x_wconf 89' lang='lat' dir='ltr'>ditare</span> <span class='ocrx_word' id='word_1_130' title='bbox 837 1999 989 2060; x_wconf 89' lang='lat' dir='ltr'>catervas.</span> 
     </span>
     <span class='ocr_line' id='line_1_22' title="bbox 137 2081 1152 2167; baseline 0.004 -21"><span class='ocrx_word' id='word_1_131' title='bbox 137 2082 263 2167; x_wconf 84' lang='lat' dir='ltr'>Quippe</span> <span class='ocrx_word' id='word_1_132' title='bbox 285 2081 374 2145; x_wconf 86' lang='lat' dir='ltr'>velut</span> <span class='ocrx_word' id='word_1_133' title='bbox 398 2081 495 2145; x_wconf 90' lang='lat' dir='ltr'>denso</span> <span class='ocrx_word' id='word_1_134' title='bbox 520 2083 681 2147; x_wconf 90' lang='lat' dir='ltr'>currentia</span> <span class='ocrx_word' id='word_1_135' title='bbox 703 2105 836 2146; x_wconf 91' lang='lat' dir='ltr'>munera</span> <span class='ocrx_word' id='word_1_136' title='bbox 858 2084 970 2147; x_wconf 90' lang='lat' dir='ltr'>nimbo</span> <span class='ocrx_word' id='word_1_137' title='bbox 1118 2103 1152 2150; x_wconf 76' lang='lat'>45</span> 
     </span>
     <span class='ocr_line' id='line_1_23' title="bbox 139 2171 981 2257; baseline -0.001 -21"><span class='ocrx_word' id='word_1_138' title='bbox 139 2171 274 2236; x_wconf 81' lang='lat' dir='ltr'>Cernere</span> <span class='ocrx_word' id='word_1_139' title='bbox 297 2192 422 2254; x_wconf 90' lang='lat' dir='ltr'>semper</span> <span class='ocrx_word' id='word_1_140' title='bbox 444 2174 522 2255; x_wconf 80' lang='lat' dir='ltr'>erat,</span> <span class='ocrx_word' id='word_1_141' title='bbox 544 2171 674 2256; x_wconf 91' lang='lat' dir='ltr'>populis</span> <span class='ocrx_word' id='word_1_142' title='bbox 696 2171 817 2235; x_wconf 91' lang='lat' dir='ltr'>undare</span> <span class='ocrx_word' id='word_1_143' title='bbox 839 2176 981 2257; x_wconf 81' lang='lat' dir='ltr'>penates,</span> 
     </span>
     <span class='ocr_line' id='line_1_24' title="bbox 136 2258 897 2345; baseline 0 -22"><span class='ocrx_word' id='word_1_144' title='bbox 136 2259 300 2324; x_wconf 88' lang='lat' dir='ltr'>Adsiduos</span> <span class='ocrx_word' id='word_1_145' title='bbox 323 2259 444 2322; x_wconf 89' lang='lat' dir='ltr'>intrare</span> <span class='ocrx_word' id='word_1_146' title='bbox 467 2258 589 2345; x_wconf 85' lang='lat' dir='ltr'>inopes,</span> <span class='ocrx_word' id='word_1_147' title='bbox 612 2281 754 2324; x_wconf 87' lang='lat' dir='ltr'>remeare</span> <span class='ocrx_word' id='word_1_148' title='bbox 776 2260 897 2324; x_wconf 90' lang='lat' dir='ltr'>beatos.</span> 
     </span>
     <span class='ocr_line' id='line_1_25' title="bbox 136 2347 1011 2433; baseline 0.001 -21"><span class='ocrx_word' id='word_1_149' title='bbox 136 2349 293 2433; x_wconf 87' lang='lat' dir='ltr'>Praeceps</span> <span class='ocrx_word' id='word_1_150' title='bbox 317 2347 374 2411; x_wconf 90' lang='lat' dir='ltr'>illa</span> <span class='ocrx_word' id='word_1_151' title='bbox 397 2369 511 2411; x_wconf 90' lang='lat' dir='ltr'>manus</span> <span class='ocrx_word' id='word_1_152' title='bbox 534 2348 651 2412; x_wconf 86' lang='lat' dir='ltr'>fluvios</span> <span class='ocrx_word' id='word_1_153' title='bbox 675 2349 847 2431; x_wconf 88' lang='lat' dir='ltr'>superabat</span> <span class='ocrx_word' id='word_1_154' title='bbox 869 2347 1011 2413; x_wconf 91' lang='lat' dir='ltr'>Hiberos</span> 
     </span>
     <span class='ocr_line' id='line_1_26' title="bbox 137 2436 954 2520; baseline -0.001 -19"><span class='ocrx_word' id='word_1_155' title='bbox 137 2436 245 2504; x_wconf 79' lang='lat' dir='ltr'>Aurea</span> <span class='ocrx_word' id='word_1_156' title='bbox 269 2437 352 2501; x_wconf 90' lang='lat' dir='ltr'>dona</span> <span class='ocrx_word' id='word_1_157' title='bbox 374 2457 516 2520; x_wconf 82' lang='lat' dir='ltr'>vomens,</span> <span class='ocrx_word' id='word_1_158' title='bbox 540 2436 568 2499; x_wconf 91' lang='lat' dir='ltr'>si</span> <span class='ocrx_word' id='word_1_159' title='bbox 592 2436 665 2520; x_wconf 89' lang='lat' dir='ltr'>quis</span> <span class='ocrx_word' id='word_1_160' title='bbox 688 2436 804 2501; x_wconf 89' lang='lat' dir='ltr'>tellure</span> <span class='ocrx_word' id='word_1_161' title='bbox 826 2437 954 2500; x_wconf 83' lang='lat' dir='ltr'>revulsa</span> 
     </span>
     <span class='ocr_line' id='line_1_27' title="bbox 139 2524 1153 2610; baseline 0.003 -20"><span class='ocrx_word' id='word_1_162' title='bbox 139 2525 296 2592; x_wconf 83' lang='lat' dir='ltr'>Sollicitis</span> <span class='ocrx_word' id='word_1_163' title='bbox 320 2525 446 2589; x_wconf 83' lang='lat' dir='ltr'>fodiens</span> <span class='ocrx_word' id='word_1_164' title='bbox 469 2524 606 2588; x_wconf 90' lang='lat' dir='ltr'>miratur</span> <span class='ocrx_word' id='word_1_165' title='bbox 629 2524 768 2589; x_wconf 89' lang='lat' dir='ltr'>collibus</span> <span class='ocrx_word' id='word_1_166' title='bbox 791 2548 914 2610; x_wconf 85' lang='lat' dir='ltr'>aurum,</span> <span class='ocrx_word' id='word_1_167' title='bbox 1118 2546 1153 2593; x_wconf 80' lang='lat' dir='ltr'>co</span> 
     </span>
     <span class='ocr_line' id='line_1_28' title="bbox 139 2612 1000 2699; baseline 0 -23"><span class='ocrx_word' id='word_1_168' title='bbox 139 2613 301 2690; x_wconf 81' lang='lat' dir='ltr'>Quantum</span> <span class='ocrx_word' id='word_1_169' title='bbox 325 2618 440 2699; x_wconf 86' lang='lat' dir='ltr'>stagna</span> <span class='ocrx_word' id='word_1_170' title='bbox 463 2612 544 2698; x_wconf 85' lang='lat' dir='ltr'>Tagi</span> <span class='ocrx_word' id='word_1_171' title='bbox 568 2613 703 2676; x_wconf 89' lang='lat' dir='ltr'>rudibus</span> <span class='ocrx_word' id='word_1_172' title='bbox 727 2613 887 2677; x_wconf 91' lang='lat' dir='ltr'>stillantia</span> <span class='ocrx_word' id='word_1_173' title='bbox 909 2613 1000 2677; x_wconf 88' lang='lat' dir='ltr'>venis</span> 
     </span>
     <span class='ocr_line' id='line_1_29' title="bbox 138 2700 887 2785; baseline -0.001 -20"><span class='ocrx_word' id='word_1_174' title='bbox 138 2702 303 2767; x_wconf 80' lang='lat' dir='ltr'>Effluxere</span> <span class='ocrx_word' id='word_1_175' title='bbox 326 2701 430 2784; x_wconf 84' lang='lat' dir='ltr'>decus,</span> <span class='ocrx_word' id='word_1_176' title='bbox 454 2706 575 2783; x_wconf 92' lang='lat' dir='ltr'>quanto</span> <span class='ocrx_word' id='word_1_177' title='bbox 598 2700 741 2785; x_wconf 88' lang='lat' dir='ltr'>pretiosa</span> <span class='ocrx_word' id='word_1_178' title='bbox 762 2701 887 2765; x_wconf 92' lang='lat' dir='ltr'>metalli</span> 
     </span>
     <span class='ocr_line' id='line_1_30' title="bbox 137 2789 951 2874; baseline 0 -20"><span class='ocrx_word' id='word_1_179' title='bbox 137 2790 251 2854; x_wconf 91' lang='lat' dir='ltr'>Hermi</span> <span class='ocrx_word' id='word_1_180' title='bbox 274 2789 345 2873; x_wconf 90' lang='lat' dir='ltr'>ripa</span> <span class='ocrx_word' id='word_1_181' title='bbox 368 2789 476 2874; x_wconf 81' lang='lat' dir='ltr'>micat,</span> <span class='ocrx_word' id='word_1_182' title='bbox 499 2793 636 2872; x_wconf 88' lang='lat' dir='ltr'>quantas</span> <span class='ocrx_word' id='word_1_183' title='bbox 659 2812 716 2873; x_wconf 91' lang='lat' dir='ltr'>per</span> <span class='ocrx_word' id='word_1_184' title='bbox 737 2789 841 2874; x_wconf 87' lang='lat' dir='ltr'>Lydia</span> <span class='ocrx_word' id='word_1_185' title='bbox 864 2789 951 2855; x_wconf 89' lang='lat' dir='ltr'>culta</span> 
     </span>
     <span class='ocr_line' id='line_1_31' title="bbox 138 2877 910 2963; baseline 0.001 -21"><span class='ocrx_word' id='word_1_186' title='bbox 138 2878 317 2963; x_wconf 90' lang='lat' dir='ltr'>Despumat</span> <span class='ocrx_word' id='word_1_187' title='bbox 339 2877 455 2940; x_wconf 89' lang='lat' dir='ltr'>rutilas</span> <span class='ocrx_word' id='word_1_188' title='bbox 479 2878 567 2942; x_wconf 82' lang='lat' dir='ltr'>dives</span> <span class='ocrx_word' id='word_1_189' title='bbox 589 2877 743 2941; x_wconf 87' lang='lat' dir='ltr'>Pactolus</span> <span class='ocrx_word' id='word_1_190' title='bbox 765 2878 910 2943; x_wconf 88' lang='lat' dir='ltr'>harenas.</span> 
     </span>
    </p>

    <p class='ocr_par' dir='ltr' id='par_1_3' title="bbox 204 2965 1153 3051">
     <span class='ocr_line' id='line_1_32' title="bbox 204 2965 1153 3051; baseline 0.002 -19"><span class='ocrx_word' id='word_1_191' title='bbox 204 2967 290 3051; x_wconf 79' lang='lat' dir='ltr'>Non,</span> <span class='ocrx_word' id='word_1_192' title='bbox 312 2965 394 3029; x_wconf 92' lang='lat' dir='ltr'>mihi</span> <span class='ocrx_word' id='word_1_193' title='bbox 418 2966 560 3029; x_wconf 89' lang='lat' dir='ltr'>centenis</span> <span class='ocrx_word' id='word_1_194' title='bbox 582 2969 714 3050; x_wconf 88' lang='lat' dir='ltr'>pateant</span> <span class='ocrx_word' id='word_1_195' title='bbox 737 2967 766 3029; x_wconf 88' lang='lat' dir='ltr'>si</span> <span class='ocrx_word' id='word_1_196' title='bbox 788 2965 923 3030; x_wconf 86' lang='lat' dir='ltr'>vocibus</span> <span class='ocrx_word' id='word_1_197' title='bbox 947 2987 1005 3031; x_wconf 90' lang='lat' dir='ltr'>ora</span> <span class='ocrx_word' id='word_1_198' title='bbox 1119 2987 1153 3034; x_wconf 81' lang='lat' dir='ltr'>cc</span> 
     </span>
    </p>
   </div>
   <div class='ocr_carea' id='block_1_3' title="bbox 138 3053 1079 3405">
    <p class='ocr_par' dir='ltr' id='par_1_4' title="bbox 138 3053 1079 3405">
     <span class='ocr_line' id='line_1_33' title="bbox 138 3053 1048 3141; baseline 0 -22"><span class='ocrx_word' id='word_1_199' title='bbox 138 3054 384 3137; x_wconf 82' lang='lat' dir='ltr'>Multifidasque</span> <span class='ocrx_word' id='word_1_200' title='bbox 407 3058 480 3117; x_wconf 93' lang='lat' dir='ltr'>ruat</span> <span class='ocrx_word' id='word_1_201' title='bbox 504 3059 631 3118; x_wconf 90' lang='lat' dir='ltr'>centum</span> <span class='ocrx_word' id='word_1_202' title='bbox 654 3077 711 3138; x_wconf 91' lang='lat' dir='ltr'>per</span> <span class='ocrx_word' id='word_1_203' title='bbox 732 3059 863 3138; x_wconf 87' lang='lat' dir='ltr'>pectora</span> <span class='ocrx_word' id='word_1_204' title='bbox 884 3053 1048 3141; x_wconf 79' lang='lat' dir='ltr'>Phoebus,</span> 
     </span>
     <span class='ocr_line' id='line_1_34' title="bbox 138 3143 1079 3230; baseline 0.001 -22"><span class='ocrx_word' id='word_1_205' title='bbox 138 3143 222 3208; x_wconf 88' lang='lat' dir='ltr'>Acta</span> <span class='ocrx_word' id='word_1_206' title='bbox 244 3143 344 3207; x_wconf 92' lang='lat' dir='ltr'>Probi</span> <span class='ocrx_word' id='word_1_207' title='bbox 366 3164 497 3206; x_wconf 88' lang='lat' dir='ltr'>narrare</span> <span class='ocrx_word' id='word_1_208' title='bbox 520 3164 644 3227; x_wconf 77' lang='lat' dir='ltr'>queam,</span> <span class='ocrx_word' id='word_1_209' title='bbox 667 3147 746 3225; x_wconf 92' lang='lat' dir='ltr'>quot</span> <span class='ocrx_word' id='word_1_210' title='bbox 769 3143 805 3207; x_wconf 92' lang='lat' dir='ltr'>in</span> <span class='ocrx_word' id='word_1_211' title='bbox 827 3143 939 3208; x_wconf 90' lang='lat' dir='ltr'>ordine</span> <span class='ocrx_word' id='word_1_212' title='bbox 962 3147 1079 3230; x_wconf 88' lang='lat' dir='ltr'>gentes</span> 
     </span>
     <span class='ocr_line' id='line_1_35' title="bbox 139 3231 918 3317; baseline -0.003 -21"><span class='ocrx_word' id='word_1_213' title='bbox 139 3231 281 3317; x_wconf 81' lang='lat' dir='ltr'>Rexerit,</span> <span class='ocrx_word' id='word_1_214' title='bbox 305 3231 345 3294; x_wconf 93' lang='lat' dir='ltr'>ad</span> <span class='ocrx_word' id='word_1_215' title='bbox 368 3231 485 3294; x_wconf 90' lang='lat' dir='ltr'>summi</span> <span class='ocrx_word' id='word_1_216' title='bbox 509 3231 658 3313; x_wconf 90' lang='lat' dir='ltr'>quotiens</span> <span class='ocrx_word' id='word_1_217' title='bbox 682 3231 814 3317; x_wconf 85' lang='lat' dir='ltr'>fastigia</span> <span class='ocrx_word' id='word_1_218' title='bbox 837 3231 918 3295; x_wconf 90' lang='lat' dir='ltr'>iuris</span> 
     </span>
     <span class='ocr_line' id='line_1_36' title="bbox 139 3318 866 3405; baseline -0.001 -20"><span class='ocrx_word' id='word_1_219' title='bbox 139 3319 287 3405; x_wconf 77' lang='lat' dir='ltr'>Venerit,</span> <span class='ocrx_word' id='word_1_220' title='bbox 310 3318 424 3383; x_wconf 90' lang='lat' dir='ltr'>Italiae</span> <span class='ocrx_word' id='word_1_221' title='bbox 446 3319 511 3382; x_wconf 90' lang='lat' dir='ltr'>late</span> <span class='ocrx_word' id='word_1_222' title='bbox 535 3340 607 3382; x_wconf 90' lang='lat' dir='ltr'>cum</span> <span class='ocrx_word' id='word_1_223' title='bbox 630 3319 721 3383; x_wconf 87' lang='lat' dir='ltr'>frena</span> <span class='ocrx_word' id='word_1_224' title='bbox 743 3323 866 3384; x_wconf 88' lang='lat' dir='ltr'>teneret</span> 
     </span>
    </p>
   </div>
   <div class='ocr_carea' id='block_1_4' title="bbox 211 3509 724 3582">
    <p class='ocr_par' dir='ltr' id='par_1_5' title="bbox 211 3509 724 3582">
     <span class='ocr_line' id='line_1_37' title="bbox 211 3509 724 3582; baseline 0.006 -19"><span class='ocrx_word' id='word_1_225' title='bbox 211 3516 244 3566; x_wconf 83' lang='grc'>36</span> <span class='ocrx_word' id='word_1_226' title='bbox 264 3510 401 3582; x_wconf 83' lang='grc' dir='ltr'><strong>Μ11ο111]</strong></span> <span class='ocrx_word' id='word_1_227' title='bbox 423 3509 578 3578; x_wconf 56' lang='lat' dir='ltr'>moverim</span> <span class='ocrx_word' id='word_1_228' title='bbox 595 3511 724 3567; x_wconf 86' lang='lat' dir='ltr'>meotica.</span> 
     </span>
    </p>
   </div>
   <div class='ocr_carea' id='block_1_5' title="bbox 0 0 1211 3870">
    <p class='ocr_par' dir='ltr' id='par_1_6' title="bbox 0 0 1211 3870">
     <span class='ocr_line' id='line_1_38' title="bbox 0 0 1211 3870; baseline 0 0"><span class='ocrx_word' id='word_1_229' title='bbox 0 0 1211 3870; x_wconf 95' lang='lat' dir='ltr'> </span> 
     </span>
    </p>
   </div>
  </div>
 </body>
</html>
