2392 3870
86 160 164 214 XLII
360 156 643 213 ADNOTATIONES
663 156 839 214 catrices.

86 324 140 373 357
161 318 267 373 Classis
285 317 375 388 torsa]
395 316 435 371 sic
454 317 561 386 optime
580 316 778 386 difficultates,
802 333 891 385 quam
909 322 1010 375 movet
1025 317 1090 374 lectio

159 389 274 457 tradita,
294 387 442 442 sustulisse
461 387 503 444 Bi.
523 387 642 456 videtur,
662 404 745 456 quem
763 387 829 442 ride
845 406 878 512 p.
896 388 967 445 CXI.

87 465 139 514 358
158 460 218 531 Ad]
238 476 272 513 ex
290 459 342 513 Em
361 462 390 513 et
409 463 432 512 A
450 459 532 513 unice
551 457 744 528 recipiendum
762 475 825 513 esse
866 463 955 516 ocant
976 461 1056 516 verbs
1069 463 1090 515 ts

157 548 249 601 puppe
267 547 340 598 quae
358 530 539 599 praecedunt.

332 692 381 756 De
405 695 495 756 sexto
520 691 691 756 consulatu
713 690 861 756 Honorii.

104 818 139 868 48
158 813 298 894 Arvaque]
318 812 420 894 quibus
439 812 479 892 de·
493 811 585 865 causis
602 829 653 882 pro
666 829 783 882 aeraque
796 812 982 884 coniecerim,
1000 814 1092 885 exposi-

158 887 219 938 turn
237 900 364 938 mvemes
382 901 413 936 ιιι
428 882 577 953 Philologo
595 885 663 938 tom.
678 883 766 938 Xblll
783 901 811 952 p.
827 889 890 940 746.

105 960 141 1009 54
157 958 274 1010 miratus
316 955 415 1024 supple
442 971 484 1022 ee;
512 953 547 1009 cf.
576 953 610 1008 de
638 953 733 1024 ellipsi
760 953 839 1009 verbi
866 973 924 1013 csse
955 957 998 1014 Bi.
1020 955 1091 1028 prael

159 1044 187 1094 p.
202 1025 268 1079 CCX
310 1026 343 1078 V.

105 1097 261 1150 assertore
293 1094 328 1148 cf.
347 1094 388 1149 Bi.
407 1094 610 1150 iudicemur.

90 1170 140 1222 158
158 1096 275 1237 sororssi
295 1165 341 1219 vix
360 1166 501 1220 abstinere
519 1168 609 1235 potui,
629 1165 697 1234 quin
716 1183 750 1220 ex
767 1165 793 1219 V
811 1165 974 1236 reciperem
989 1169 1092 1232 senona·

158 1238 198 1290 sic
222 1239 295 1290 enim
322 1235 346 1289 si
368 1236 567 1305 praedicantur
590 1236 681 1306 chori,
709 1235 776 1291 novi
802 1236 915 1305 aliquid
940 1239 1036 1294 sensui
1055 1237 1092 1292 ad·

158 1307 267 1362 crescit.
296 1309 394 1362 contra
407 1324 511 1363 sorores
524 1307 596 1361 nihil
611 1310 655 1362 est
668 1307 724 1361 nisi
738 1307 862 1362 solemne
878 1310 908 1362 et
923 1309 1091 1367 decantatum

158 1381 353 1434 ornamentum
376 1378 578 1448 Nympharum.
616 1376 742 1433 abstinui
764 1380 874 1446 tamen,
900 1396 972 1435 nam
996 1380 1092 1436 videtur

158 1467 226 1504 sane
248 1467 358 1506 seriores
381 1449 540 1519 corruptela
561 1448 591 1503 in
613 1449 636 1502 P
660 1448 786 1503 indicare
810 1466 917 1505 sorores
942 1450 1092 1521 primariam

156 1521 309 1576 lectionem
326 1519 422 1589 fuisse,
441 1519 507 1574 inde
526 1523 633 1575 sonoris
651 1537 712 1574 esse
731 1519 871 1575 effectum.

85 1596 139 1646 204
157 1595 215 1648 Hie
232 1609 329 1647 rwrsus
347 1593 424 1662 dum]
444 1591 478 1645 de
497 1590 723 1660 interpunctione
742 1589 824 1644 huius
839 1590 897 1646 loci
911 1595 1031 1663 exposui
1042 1593 1092 1648 loco

156 1663 240 1716 modo
260 1663 347 1716 citato
366 1681 393 1731 p.
410 1667 468 1717 747.

86 1735 138 1786 238
157 1735 288 1802 consedit]
309 1735 427 1789 considit
446 1733 481 1786 ab
500 1732 523 1786 E
542 1730 678 1801 scriptum
697 1748 758 1786 esse
774 1730 816 1788 Bi.
831 1731 916 1786 testis
932 1735 991 1801 est3
1009 1736 1091 1789 tanum

156 1801 278 1872 praetuli
296 1802 464 1871 perfectum3
493 1805 568 1858 certe
592 1806 664 1856 enirn
688 1819 750 1857 eam
772 1803 852 1857 verbi
875 1803 954 1859 finiti
975 1805 1088 1870 formum,

158 1890 230 1941 quae
249 1872 389 1926 artissime
407 1874 473 1928 huia
492 1875 526 1929 de
546 1890 601 1942 quo
621 1873 716 1944 agitur
733 1873 818 1928 verbo
837 1889 911 1928 nexa
929 1878 983 1945 est,
1000 1890 1089 1932 morat

158 1964 183 2000 v.
199 1950 251 1998 246
270 1943 300 1996 in
319 1942 418 1997 eodem
435 1944 555 2013 perfecti
573 1948 699 2013 tempore
717 1943 841 2014 positam
858 1943 999 2002 videmus.

86 2021 136 2069 291
158 2015 249 2086 Haec]
264 2013 304 2068 sic
314 2012 389 2082 dedi,
404 2016 530 2081 quamvis
544 2016 659 2069 minima
672 2015 809 2069 librorum
819 2015 993 2072 auctoritate
1007 2016 1089 2072 fultus.

157 2104 223 2140 nam
241 2088 390 2167 postquam
409 2086 606 2156 Appenninum
625 2089 749 2140 montem
771 2102 822 2155 per
840 2103 991 2142 excursum
1013 2085 1089 2142 fusim

159 2156 309 2225 descnpsit
318 2155 454 2225 Alaricus,
470 2157 519 2211 ubi
528 2157 720 2211 narrationem
729 2156 914 2227 redintegrat,
930 2158 969 2212 ad
978 2160 1090 2214 montem

157 2227 296 2352 rpsptipere
309 2245 366 2353 npn
380 2230 492 2296 poterat
505 2229 621 2282 vocibus
631 2246 684 2298 per
697 2231 765 2299 iupa
778 2227 834 2281 nisi
848 2227 978 2284 addebat
990 2229 1090 2284 demon·

159 2315 218 2352 sra
232 2317 308 2353 rrum
345 2315 398 2354 aec.

84 2373 137 2424 ast
148 2387 189 2438 sq.
209 2369 420 2425 interlocutoris
435 2386 496 2425 esse
507 2370 592 2425 verba
605 2372 652 2426 sed
661 2372 783 2441 pipnora
798 2410 840 2425 ...
854 2371 965 2425 tenebat
973 2369 1090 2442 graviore

156 2440 383 2511 interpunctione
397 2440 521 2496 indicare
536 2443 652 2496 conatus
668 2459 737 2495 sum.
766 2439 801 2494 de
815 2441 893 2495 actm
907 2440 944 2494 cf.
956 2441 993 2494 ad
1003 2441 1089 2496 Eutro-

175 2512 260 2567 iuml
275 2519 317 2568 23.

85 2587 137 2635 310
155 2531 247 2654 dtpce]
274 2585 417 2638 catinam
439 2581 569 2636 meliores
588 2581 685 2650 VPll‚
714 2581 827 2650 qualem
852 2580 969 2649 quidem
991 2581 1089 2636 hiatum

157 2656 223 2721 post
242 2652 475 2707 exclamationem
493 2670 632 2720 nusquam
651 2652 722 2707 alibi
741 2651 796 2706 sibi
810 2651 953 2706 concessit
965 2655 1051 2722 poeta
1062 2649 1089 2705 ct

157 2724 192 2777 de
211 2723 293 2777 hiatu
311 2723 353 2780 Bi.
372 2723 460 2792 praef.
478 2742 505 2793 p.
522 2723 625 2779 CCXV.

84 2797 137 2848 320
156 2794 288 2875 tetendit]
300 2794 376 2862 quod
394 2794 484 2848 multo
503 2794 619 2848 meliore
638 2793 809 2848 auctoritate
827 2792 969 2864 innititur,
987 2810 1045 2849 non
1056 2792 1092 2848 est

156 2882 205 2918 cur
222 2880 379 2921 rercramus.

84 2940 137 2988 365
156 2937 279 3005 nominc]
299 2935 353 2989 hoc
370 2935 476 3004 primus
496 2935 633 2990 Gesnerus
652 2938 751 2989 contra
773 2935 908 2990 librorum
931 2949 1091 2990 consensum

156 3006 244 3060 tacite
264 3006 444 3075 supposuisse
463 3005 590 3074 videtur,
609 3006 685 3074 quod
703 3005 829 3075 Ieepium
847 3005 918 3061 adeo
936 3005 1050 3075 fefellit
1065 3003 1092 3056 ut

156 3076 187 3129 id
204 3076 298 3146 ipsum
311 3095 362 3146 pro
375 3077 512 3131 librorum
525 3076 781 3146 manuscriptorum
794 3076 915 3131 lectione
929 3075 1092 3132 venditaret

156 3147 264 3201 habent
281 3152 356 3202 certe
375 3165 472 3202 omnes
488 3147 555 3201 libri
569 3147 699 3217 impressi
713 3165 782 3216 quos
797 3146 909 3217 inspexi
922 3147 1093 3217 maximeque

155 3217 288 3272 Heinsius
303 3220 332 3272 et
340 3219 516 3273 Burmannus
525 3222 634 3274 nemius
647 3235 738 3287 neque
750 3219 825 3288 apud
836 3217 981 3286 Clerqium
989 3217 1093 3273 differre

143 3287 307 3343 lectionem
325 3292 484 3344 adnotatur.
516 3292 623 3345 nemius
642 3295 737 3343 autem
755 3289 840 3343 nimie
859 3289 979 3344 obscure
998 3290 1034 3346 de
1047 3288 1093 3344 im-

155 3362 285 3428 peratore
304 3360 497 3429 praedicatur‚
516 3377 600 3428 quem
619 3362 709 3414 lucem
729 3377 765 3414 sc.
786 3359 883 3414 mundi
902 3363 990 3415 antea
1006 3379 1033 3416 v.
1048 3362 1095 3416 364

72 3479 76 3488 .
155 3431 299 3499 praeclare
318 3430 428 3485 dixerat
445 3433 538 3500 poeta.
571 3433 682 3486 nomiae
701 3430 725 3485 si
744 3430 856 3501 legitur,
875 3429 934 3485 iam
951 3448 1045 3501 nemo,
1064 3430 1094 3485 ds

156 3519 212 3570 quo
230 3501 261 3555 id
279 3501 387 3558 dictum
406 3501 452 3570 sit,
472 3501 623 3558 dubitabit.
897 3503 899 3509 '
