2392 3870
115 175 178 240 128
216 173 267 229 GL.
287 172 486 228 CLAVDIANI
505 171 587 228 PAN.
606 171 655 227 DE
675 171 822 238 QVARTO
842 171 942 227 CONS.
962 171 1129 230 HONORII.

112 337 176 401 Per
198 340 255 401 tua
277 336 398 422 lanugo
423 357 495 398 cum
519 357 643 419 serpere
667 335 807 419 eoeperit
831 357 901 420 ora,

115 424 197 489 Cum
218 425 280 488 tibi
303 424 476 508 protulerit
499 424 599 488 festas
621 446 687 488 nox
708 423 857 507 pronuba
879 423 1003 488 taedas!

115 513 203 591 Quae
226 513 285 576 tali
308 513 423 576 devota
445 516 533 599 tore,
556 535 637 597 quae
660 512 781 577 murice
803 512 933 598 fiilgens
1078 530 1131 580 645

114 601 180 666 Ibit
203 602 238 665 in
261 601 427 685 amplexus
450 602 534 666 tanti
557 603 668 689 regina
690 601 822 665 mariti?

116 689 280 767 Quaenam
302 694 353 755 tot
377 689 458 754 divis
481 691 588 754 veniet
609 712 727 775 nuius,
751 690 900 754 omnibus
924 690 1010 753 arvis

115 778 160 843 Et
183 782 255 843 toto
279 778 426 842 donanda
448 779 552 842 mari?
576 783 780 862 quantusque
803 779 925 843 feretur

115 865 204 931 Idem
227 889 285 951 per
306 866 449 950 Zephyri·
469 872 570 931 metas
593 866 799 951 Hymenaeus
822 871 854 930 et
876 866 973 932 Euri!

116 953 143 1020 Ο
167 954 247 1039 mihi
271 956 299 1019 si
321 956 417 1019 liceat
440 955 592 1020 thalamis
614 956 778 1020 intendere
803 977 931 1020 carmen
1079 973 1134 1022 650

119 1043 296 1108 Conubiale
319 1045 399 1130 tuis,
424 1045 451 1108 si
474 1049 506 1109 te
529 1046 594 1109 iam
618 1045 720 1108 (111111
742 1047 880 1128 patrem!

116 1131 257 1217 Tempus
281 1134 355 1218 erit,
379 1155 451 1197 eum
474 1138 511 1197 tu
533 1137 624 1198 trans
646 1133 753 1197 Rheni
776 1155 895 1197 cornua
917 1134 1034 1219 viator,

117 1219 275 1285 Arcadius
299 1227 410 1307 captae
435 1222 547 1307 spoliis
569 1222 748 1306 Babylonis
773 1226 908 1286 onustus

119 1309 328 1374 Communem
350 1312 470 1376 maiore
493 1315 571 1398 toga
594 1310 767 1397 signabitis
789 1333 922 1395 annum3

119 1397 326 1483 Crinitusque
348 1405 406 1465 tuo
431 1400 560 1464 sudabit
583 1400 669 1464 fasee
693 1398 833 1484 Suebus,
1080 1415 1133 1466 655

117 1486 243 1552 Vltima
265 1489 425 1554 fraternas
448 1489 626 1553 horrebunt
648 1487 767 1553 Bactra
793 1510 927 1552 secures
