2392 3870
115 159 179 224 152
443 155 591 212 CLAVDII
611 153 809 213 CLAVDIANI

113 320 240 387 Inserit.
278 321 367 385 Haec
390 319 499 384 docuit
520 318 613 384 nullo
637 318 789 383 livescere
812 318 900 403 fuco,

114 410 305 494 Numquam
328 408 411 473 falsa
434 408 533 493 loqui,
554 428 733 490 numquam
754 407 913 490 promissa
935 408 1070 494 morari,

116 497 244 563 lnuisos
268 497 373 562 odisse
396 497 517 582 palam,
538 518 605 560 non
628 495 716 559 virus
740 495 774 558 in
797 495 864 559 alto

117 586 275 671 Condere,
296 607 363 650 non
386 585 505 649 laetam
529 584 667 669 speciem
689 585 895 668 praemittere
918 584 1039 669 fraudi,
1101 603 1136 652 35

117 674 179 741 Sed
203 679 326 738 certum
348 673 512 756 mentique
535 695 644 757 parem
670 694 859 756 componere
883 673 1023 758 uultum3

118 762 253 828 Occulto
277 762 398 826 saevire
421 766 522 846 vetat,
546 761 697 844 prodesse
720 760 866 826 remitt't.

114 851 204 916 Haec
227 855 259 915 et
283 849 441 915 amicitias
464 850 563 936 longo
587 850 661 933 plus
684 852 828 932 tempore
852 850 960 914 firmat

115 939 333 1023 Mansuroque
357 938 524 1003 adamante
548 937 644 1024 ligst3
669 960 728 1003 nco
750 938 870 1002 mobile
893 943 998 1002 mutat

116 1027 300 1115 Ingenium:
325 1049 442 1112 parvae
467 1027 604 1111 strepitu
626 1048 685 1091 nec
707 1026 836 1091 vincula
858 1049 961 1093 noxae
1101 1046 1141 1097 40

117 1116 263 1182 Dissolvi
285 1116 409 1201 patitur
431 1137 490 1181 nec
513 1115 658 1180 fastidire
681 1116 821 1199 priorem

118 1204 268 1270 Inlicitur
290 1205 437 1271 veniente
459 1227 554 1270 novo
590 1204 764 1268 Bencfacta
787 1207 909 1290 tenere,

116 1295 281 1378 Respuere
306 1295 444 1359 offensas
467 1293 586 1379 facilis,
608 1293 792 1377 pariterque
815 1293 948 1358 minoris

118 1382 225 1449 Officii
248 1382 422 1469 magnique
444 1404 567 1446 memor
591 1403 740 1465 superare
763 1381 891 1447 loborat

116 1471 226 1555 thue
248 1471 360 1537 hostes
383 1470 641 1556 armis,me1itis
666 1470 712 1534 sic
734 1469 835 1537 vincit
858 1472 986 1536 amicos,
1100 1490 1137 1539 45

116 1560 205 1625 Haec
228 1560 316 1626 fovet
340 1560 504 1645 absentes,
526 1560 605 1623 haec
628 1559 724 1645 longe
749 1558 818 1622 sola
841 1560 974 1625 remotis

118 1647 280 1734 Consulit,
302 1649 382 1713 haec
403 1648 504 1713 nullis
529 1647 655 1713 aridam
677 1647 862 1712 rumoribus
885 1671 994 1713 aurem

116 1737 247 1822 Pandit,
270 1741 307 1801 ut
330 1738 479 1823 ignarum
504 1758 681 1819 numquam
703 1736 830 1800 laesura
853 1737 1002 1802 clientem

116 1824 276 1889 Inuidiosa
299 1829 374 1889 tuos
398 1825 539 1889 alienent
562 1847 726 1890 murmura
750 1846 870 1909 sensus.

184 1911 254 1978 Nec
277 1913 359 1977 vivis
383 1913 526 1977 adnexus
551 1936 641 1977 amor
663 1914 847 1978 meminisse
871 1914 1015 1999 sepultos
1103 1935 1141 1985 50

117 2001 260 2086 Desinit3
282 2002 318 2065 in
339 2001 464 2085 prolem
488 2002 680 2066 transcurrit
703 2003 808 2088 gratia
830 2008 967 2086 patrum.

116 2089 187 2154 Hac
210 2093 247 2153 tu
270 2088 502 2175 Theodosium,
525 2090 630 2154 tenuit
654 2091 729 2155 dum
753 2096 892 2177 sceptra,
916 2092 1058 2178 colebas,

117 2178 188 2241 Hac
212 2177 309 2242 etiam
332 2180 408 2260 post
431 2177 499 2241 fata
524 2179 617 2263 colis,
639 2201 699 2243 nec
720 2179 858 2265 pignora
881 2202 973 2245 curas

117 2266 197 2330 Plus
220 2270 277 2330 tua
301 2287 397 2349 quam
419 2270 528 2351 natos,
552 2266 680 2331 dederat
703 2289 786 2351 quos
808 2269 864 2333 ille
887 2270 1064 2335 monendos

117 2354 347 2438 Tutandosque
371 2354 441 2419 tibi.
473 2354 582 2420 Iustos
604 2356 803 2439 nimiumque
826 2356 937 2422 fideles
1102 2364 1141 2429 55

116 2441 216 2509 Fama
238 2447 348 2529 putat,
371 2444 440 2530 qui,
465 2467 538 2509 cum
559 2444 687 2529 possint
711 2446 881 2510 commissa
903 2469 1034 2534 negare,

117 2531 292 2598 Maluerint
314 2532 406 2597 nullo
429 2532 543 2599 violati
566 2533 695 2598 reddere
719 2539 863 2618 quaestu.

116 2619 162 2685 At
186 2621 323 2687 Stilicho
345 2644 413 2688 non
436 2621 565 2686 divitias
589 2623 722 2704 aurique
745 2623 893 2688 relictum

117 2709 263 2796 Pondus,
288 2711 343 2774 sed
365 2711 512 2797 geminos
536 2733 611 2774 axes
635 2714 826 2794 tantumque
848 2717 991 2778 reservat

117 2797 310 2880 Depositum
332 2800 468 2884 teneris,
492 2803 649 2882 quantum
673 2800 722 2864 sol
745 2800 860 2886 igneus
884 2803 994 2866 ambit.
1100 2825 1140 2874 eo

118 2884 202 2963 Quid
224 2908 291 2950 non
313 2886 493 2971 intrepidus
512 2888 639 2973 credaS,
663 2888 715 2952 cui
737 2889 827 2975 regia
850 2893 922 2954 tuto

118 2972 288 3039 Creditur?

330 3062 403 3128 Hoc
426 3064 529 3148 clipeo
552 3064 697 3128 munitus
720 3064 886 3130 Honorius
909 3068 1012 3132 altum

117 3149 194 3216 Non
217 3151 339 3237 gemuit
362 3156 488 3236 patrem
510 3153 659 3236 vitaeque
683 3156 715 3217 et
738 3153 819 3218 lucis
843 3155 972 3240 inipso

116 3239 256 3325 Limine,
280 3240 483 3324 contemptus
506 3263 697 3326 numquam,
721 3241 775 3306 dat
798 3243 869 3307 iura
893 3246 1036 3310 subactis

119 3326 278 3392 Gentibus
302 3333 334 3392 et
358 3351 466 3393 secum
490 3330 588 3395 sentit
612 3330 748 3394 crevisse
771 3332 962 3417 triumphos.
1100 3355 1138 3403 65

118 3414 219 3492 Quem
242 3420 279 3480 tu
303 3417 349 3481 sic
371 3417 498 3500 placida
521 3419 655 3504 formas,
680 3418 726 3483 sic
747 3425 854 3485 mente
878 3444 1000 3508 severa,

116 3503 163 3569 Vt
186 3527 290 3588 neque
313 3505 452 3570 desidiae
476 3507 597 3593 tradas,
621 3508 697 3572 dum
719 3529 841 3591 pronus
864 3510 905 3574 ad
928 3533 1020 3576 omne
