2392 3870
219 195 303 268 (XV.)
321 195 370 250 DE
388 194 503 250 ΒΕΒΙιΟ
522 193 719 251 alanoruco
738 194 849 250 LIBER
866 194 1012 255 PRIMVS.
1080 199 1124 262 45

113 358 158 422 Et
182 357 273 421 cuius
296 356 421 422 meritis
443 355 547 441 pietas
569 357 605 421 in
626 356 726 422 tratre
749 357 889 422 recedat!
1072 377 1126 427 245

113 445 247 510 lnfirmo
270 447 426 532 genitore,
448 445 530 531 vide,
553 446 646 511 civile
670 446 795 511 calebat
912 464 915 471 ·

105 534 305 619 Discidium3
328 535 426 599 dubio
450 535 581 598 stabant
603 534 750 599 Romana
773 535 834 599 sub
857 535 937 620 ictu3

113 622 192 700 Quis
215 623 329 707 procul
351 622 524 687 Armenius
547 624 599 688 vel
623 623 695 706 quis
718 623 878 688 Maeotide
900 624 971 708 ripa

112 711 183 776 Rex
205 713 338 799 ignotus
361 712 439 799 agit,
463 712 518 794 qui
541 733 592 776 me
614 733 682 775 non
703 712 785 776 iuvit
809 716 938 777 euntem

112 799 268 864 Auxilio?
303 800 426 865 Favere
450 799 559 886 Getae,
581 821 696 864 venere
720 799 843 865 Geloni,
1074 818 1126 869 245

114 887 211 953 Solus
234 893 268 953 at
290 889 344 952 hio
366 911 433 953 non
455 911 562 972 puppe
585 888 669 974 data,
690 910 758 953 non
780 889 883 953 milite
906 889 1006 954 misso

114 975 267 1041 Subsedit
289 978 438 1041 fluitante
460 978 531 1042 fide.
578 975 613 1042 Si
636 977 729 1063 signa
751 979 886 1061 petisset

114 1065 226 1151 Obvia,
250 1065 375 1131 detecto
399 1066 603 1130 summissius
625 1066 721 1130 hoste
744 1065 897 1130 dolerem:

113 1154 248 1218 Restitit
270 1155 305 1219 in¹
328 1154 467 1239 speculis
490 1155 550 1219 fati
573 1154 733 1239 turbaque
755 1155 906 1220 reductus

113 1242 260 1307 Libravit
283 1243 428 1329 geminas
451 1247 568 1307 eventu
590 1242 694 1307 iudice
717 1243 801 1306 vires
1073 1262 1127 1310 250

113 1330 166 1395 Ad
188 1353 297 1394 rerum
319 1334 482 1395 momenta
505 1331 604 1395 cliens
628 1352 761 1413 seseque
784 1331 918 1396 daturus

114 1419 255 1505 Victori3
276 1419 408 1484 fortuna
431 1419 528 1483 simul
551 1442 624 1484 aum
646 1423 753 1483 mente
775 1420 935 1503 pependit.

116 1506 143 1571 Ο
167 1509 196 1571 si
217 1529 285 1572 non
307 1507 430 1591 cupidis
454 1530 557 1572 essem
579 1511 768 1591 praereptus
792 1508 833 1571 ab
856 1509 963 1594 astris,

114 1595 309 1681 Exemplum
333 1601 483 1680 sequerer
505 1596 593 1660 'Pulli
615 1596 828 1680 laniandaque
852 1596 957 1662 dumis

114 1683 218 1769 Impia
241 1685 376 1750 diversis
399 1688 544 1768 aptarem
566 1685 710 1749 membra
735 1685 907 1772 quadrigis,
1075 1703 1127 1753 255

116 1773 267 1837 Germani
288 1795 375 1838 nuno
397 1794 501 1856 usque
523 1773 572 1837 tui
595 1795 750 1857 responsa
775 1773 914 1839 colebat:

115 1862 168 1925 En
189 1863 308 1926 iterum
331 1861 441 1925 calcat.
487 1861 559 1925 Tali
581 1866 614 1926 te
637 1862 763 1926 credere
786 1866 933 1928 monstro

114 1949 195 2014 Post
217 1953 343 2034 patrem
365 1949 562 2033 fratremque
584 1952 701 2034 paras?
738 1949 801 2016 Sed
823 1974 941 2038 magna
963 1951 1109 2036 rependit

115 2036 217 2120 Inque
239 2042 330 2103 tuam
353 2041 474 2103 sortem
495 2060 684 2104 numerosas
707 2040 875 2105 transtulit
897 2041 1008 2105 urbes!
1161 2060 1167 2072 ·

116 2127 206 2213 Ergo
230 2127 280 2190 fas
303 2128 408 2210 pretio
431 2127 543 2192 cedet?
579 2127 723 2192 mercede
745 2129 886 2212 placebit
1076 2146 1129 2195 250

116 2214 286 2280 Proditio?
322 2215 435 2302 Taceo,
457 2216 538 2280 laesi
561 2216 648 2300 quod
669 2217 840 2304 transfuga
862 2217 982 2302 fratris,

117 2302 210 2379 Quod
233 2304 314 2369 levis
336 2305 475 2391 ingenio,
522 2303 676 2382 Quamvis
699 2306 882 2370 discrimine
905 2328 1031 2371 summo

114 2391 267 2457 Proditor
289 2393 438 2477 adportet
461 2415 617 2478 suspensa
638 2398 743 2458 morte
765 2395 916 2458 salutem:

116 2479 303 2565 Numquam
326 2485 438 2568 gratus
462 2483 532 2546 erit.
577 2481 776 2546 Damnamus
799 2482 871 2546 luce
892 2485 1020 2564 reperta

117 2568 290 2634 Perfidiam
312 2591 371 2635 neo
393 2592 454 2634 nos
476 2571 619 2653 patimur
642 2571 843 2635 committere
866 2569 933 2633 tali.
1077 2587 1129 2638 255

115 2657 188 2723 Ηο5
211 2681 313 2746 genus
336 2658 474 2741 emptori
498 2658 583 2723 cives
606 2679 679 2723 oum
701 2658 870 2723 moenibus
894 2658 997 2742 offert,

117 2746 189 2811 Hoc
210 2747 321 2811 vendit
343 2747 490 2830 patriam.
535 2745 686 2829 Plerique
708 2747 743 2811 in
764 2750 893 2830 tempus
916 2747 1010 2812 abusi

117 2834 195 2899 Mox
218 2835 312 2899 odere
334 2838 456 2899 tamen:
481 2835 586 2899 tenuit
610 2835 656 2898 sio
680 2833 777 2900 Graia
798 2835 970 2920 Philippus

119 2922 258 3009 Oppida3
279 2923 410 2988 Pellaeo
427 2923 567 2989 libertas
591 2922 730 2988 concidit
752 2946 839 2989 auro.

117 3011 256 3076 Romani
280 3012 436 3077 scelerum
459 3034 584 3097 semper
606 3034 754 3096 sprevere
775 3013 951 3078 ministros.
1079 3029 1131 3080 270

116 3099 225 3165 Noxia
247 3101 429 3185 pollicitum
452 3100 582 3167 domino
605 3102 738 3167 miscere
760 3122 882 3167 venena

117 3186 286 3254 Fabricius
308 3191 378 3277 regi
400 3190 521 3255 nudata
543 3190 654 3255 fraude
677 3190 811 3275 remisit,

118 3275 242 3342 Infesta
266 3301 361 3362 quem
383 3277 488 3343 Marte
510 3280 602 3365 petit,
625 3279 811 3364 bellumque
832 3280 964 3366 negavit

117 3364 180 3430 Per
203 3366 317 3432 famuli
338 3371 467 3452 patrare
488 3368 589 3454 nefas,
612 3367 790 3453 ductosque
814 3367 969 3433 Camillus

191 3566 241 3614 241
261 3559 385 3631 Infirma]
404 3560 532 3628 Rittium
550 3558 581 3613 in
598 3558 698 3630 primo.
