2392 3870
150 35 217 99 236
481 34 629 90 caavnll
648 33 849 91 calvum

151 196 325 262 Aeternam
347 219 388 261 ne
411 197 523 281 perdat
547 219 638 261 arem
645 198 889 282 ‚flammasque
912 198 1037 263 fideles

152 286 326 365 Admonet,
348 292 385 349 ut
409 308 516 349 rerum
539 285 636 349 decus
657 285 831 350 inmortale
853 286 1045 353 remittant.

220 339 381 437 Continuo
404 374 549 458 dispersa
570 375 665 460 vigor
686 395 744 458 per
765 373 913 437 membra
938 375 1082 440 volutus
1146 392 1175 442 65

151 462 289 526 Aestuat
275 468 344 525 tet
367 485 466 525 renas
489 462 647 526 recidivus
670 460 803 548 sanguis
825 461 980 527 inundat.

152 550 277 614 victuri
301 551 423 614 cineres
445 551 537 615 nullo
560 555 696 637 cogente
718 549 841 613 moveri

152 637 314 721 Incipiunt
337 639 510 721 plumaque
533 638 646 702 rudem
667 638 785 702 restire
807 637 968 702 favillam

152 726 213 802 Qui
237 726 341 789 fuerat
365 728 506 812 genitor,
528 732 626 790 natus
646 748 732 790 nunc
755 725 888 809 prosilit
907 725 1003 791 idem

151 813 362 897 Succeditque
384 836 501 878 novus:
526 815 672 901 geminae
694 813 835 878 confinia
855 814 947 878 vitae

150 903 279 987 Exiguo
303 902 426 966 medius
450 903 633 966 discrimine
656 906 784 986 separat
805 901 902 987 ignis.

216 990 370 1054 Protinus
393 991 434 1053 ad
455 990 571 1055 Nilum
592 1012 704 1054 manes
726 1011 852 1054 sacrare
873 994 1038 1073 paternos

150 1077 388 1161 Auctoremque
411 1079 546 1165 globum
569 1079 703 1143 Phariae
726 1077 854 1142 telluris
876 1078 918 1140 ad
941 1100 1024 1144 oras

149 1166 246 1231 Ferre
269 1167 366 1231 iuvat.
403 1167 508 1231 Velox
531 1167 672 1232 alienum
693 1166 803 1252 pergit
821 1166 858 1230 in
880 1166 1000 1232 orbem

149 1255 288 1320 Portans
311 1257 476 1341 gramineo
500 1256 645 1319 clausum
667 1255 825 1320 velamine
847 1254 957 1319 funus.

151 1342 341 1408 Innumerae
364 1345 560 1407 comitantur
583 1365 658 1407 ares
681 1343 845 1426 stipatque
866 1343 1044 1410 volantem

149 1432 298 1497 Alituum
321 1454 476 1516 suspensa
499 1431 624 1496 cohors.
659 1431 830 1495 Exercitus
852 1431 972 1517 ingens

150 1519 296 1585 Obnubit
318 1522 408 1585 vario
431 1522 496 1584 late
519 1542 660 1585 convexa
682 1525 799 1584 meatu

148 1607 218 1672 Nec
241 1610 412 1692 quisquam
435 1610 536 1673 tantis
559 1631 577 1672 e
599 1608 732 1672 milibus
755 1607 871 1672 obvius
893 1607 997 1673 audet

149 1695 200 1759 Ire
224 1697 309 1782 duci,
333 1698 389 1760 sed
411 1699 497 1797 regis
520 1699 583 1761 iter
605 1696 806 1798 fragrantis
804 1695 951 1760 adorant.

148 1784 226 1849 Non
248 1785 335 1848 ferus
359 1786 524 1869 accipiter,
546 1807 613 1849 non
636 1785 775 1871 armiger
796 1784 866 1867 ipse
888 1783 1060 1853 Tonantis

148 1873 241 1936 Bella
263 1877 384 1936 movet:
408 1895 575 1936 commune
599 1873 678 1937 facit
699 1872 878 1939 reverentia
899 1871 1035 1966 foedus

149 1961 237 2023 Talis
261 1960 445 2023 barbaricas
468 1962 552 2024 flavo
576 1962 614 2025 de
637 1961 767 2047 Tigride
790 1965 914 2024 turmas

149 2048 273 2111 Ductor
295 2048 437 2111 Parthus
460 2050 542 2134 agit:
565 2051 701 2135 gemmis
724 2055 757 2113 et
780 2049 879 2113 divite
902 2049 998 2113 cultu

147 2137 330 2200 Luxurians
354 2136 448 2199 sertis
472 2137 595 2220 apicem
617 2138 781 2224 regalibus
804 2139 911 2221 omat3

147 2224 238 2290 Auro
262 2226 368 2289 frenat
391 2247 522 2310 equum7
544 2226 708 2309 perfusam
730 2226 851 2290 murice
872 2228 1000 2290 vestem

147 2313 283 2399 Assyria
306 2316 454 2401 signatur
477 2337 536 2378 acu
559 2314 764 2396 tumidusque
787 2312 926 2400 regendo

149 2403 243 2468 Celsa
265 2426 322 2488 per
345 2404 483 2468 famulas
506 2402 590 2466 acies
614 2402 738 2466 dicione
761 2401 915 2485 superbit.

216 2492 310 2556 Clara
332 2515 390 2576 per
412 2492 599 2578 Aegyptum
621 2491 757 2573 placidis
778 2489 949 2555 notissima
974 2496 1089 2563 sacris

147 2579 235 2642 Vrbs
258 2580 374 2643 Ίιιιιιι
398 2581 488 2665 colit,
512 2584 704 2662 centumque
727 2579 849 2643 adcline
873 2578 1040 2645 columnis
1149 2608 1183 2657 90

147 2665 315 2730 Invehitur
336 2670 493 2751 templum
516 2668 669 2732 Thebano
692 2671 802 2731 monte
824 2666 970 2731 revulsis.

146 2753 232 2839 Illic,
254 2758 292 2817 ut
313 2754 498 2840 perhibent,
520 2757 659 2839 patriam
682 2755 720 2819 de
742 2777 831 2820 more
853 2754 983 2838 reponit

148 2842 339 2928 Congericm
361 2845 550 2927 vultumque
574 2845 624 2908 dei
647 2849 817 2908 veneratus
840 2843 951 2907 erilem

146 2929 216 2994 Iam
238 2931 385 2994 flammae
408 2933 610 2997 commendat
633 2954 728 3017 onus,
751 2933 816 2995 iam
839 2931 980 2995 destinat
1004 2937 1077 3002 aris

146 3019 276 3083 Semina
298 3020 527 3104 relliquiasque
551 3021 613 3084 sui:
636 3021 753 3084 mirata
775 3020 919 3084 relucent
1144 3051 1179 3099 96

145 3108 285 3191 Limina3
309 3108 416 3171 divino
441 3110 565 3191 spirant
589 3110 704 3173 altaria
726 3110 830 3194 fumo,

146 3196 191 3260 Et
213 3196 397 3259 Pelusiacas
420 3197 596 3278 productus
620 3199 784 3280 adusque
807 3197 940 3281 paludes

145 3284 245 3348 Indus
269 3284 348 3347 odor
370 3289 518 3367 penetrat
539 3307 633 3349 nares
657 3287 860 3369 completque
884 3285 1008 3350 salubri

146 3373 349 3457 Tempestate
373 3373 460 3437 viros
484 3376 516 3435 et
538 3380 666 3438 nectare
689 3375 813 3439 dulcior
836 3396 913 3437 aura
