2392 3870
94 155 159 220 142
423 152 570 209 CLAVDII
589 151 788 208 CLAVDIANI

94 318 235 383 Inclinat
258 318 370 382 dextra
392 320 537 401 pateram
561 320 745 398 secretaque
768 314 839 379 Beli

94 407 140 472 Et
164 428 248 493 vaga
271 409 411 470 testatur
432 406 615 470 volventem
639 404 742 468 sidera
764 403 927 468 Mithram.

96 495 131 561 Si
155 495 282 578 quando
307 494 403 558 sociis
425 498 532 559 tecum
554 493 724 558 venatibus
747 493 848 577 ibant,

96 582 176 660 Quis
200 582 378 648 Stilichone
400 582 490 666 prior
512 582 598 646 ferro
620 586 788 665 penetrare
811 581 920 645 leones
1078 600 1114 649 eo

96 672 284 736 Comminus
308 675 364 735 aut
387 672 484 758 longe
506 671 649 757 virgatas
672 670 771 756 figere
794 669 920 756 tigres?

95 760 254 826 Flectenti
277 759 389 824 faciles
413 761 508 824 cessit
531 759 593 824 tibi
616 758 729 823 Medus
751 759 911 844 habenas3
1048 838 1050 844 Ι

96 849 285 932 Torquebas
307 849 457 935 refugum
478 848 609 913 Parthis
632 847 826 912 mirantibus
841 869 966 912 arcum.

162 937 294 1003 Nubilis
317 937 440 1002 interea
462 941 607 1001 maturae
629 936 766 1023 virginis
789 940 877 1000 aetas

91 1025 238 1112 Vrgebat
260 1025 382 1111 patrias
406 1048 562 1110 suspenso
585 1025 729 1109 principe
748 1047 850 1110 curas,
1075 1044 1111 1094 70

93 1114 195 1193 Quem
218 1115 315 1179 simul
337 1115 536 1199 imperioque
560 1115 672 1178 ducem
693 1118 852 1198 nataeque
875 1114 1028 1179 maritum

93 1203 311 1289 Prospiceret3
334 1203 450 1268 dubius
472 1207 544 1269 toto
568 1203 742 1287 quaerebat
765 1203 805 1266 ab
830 1225 888 1266 axe

93 1291 238 1379 Dignum
261 1292 412 1378 coniugio
436 1314 589 1379 genemm
611 1291 828 1374 thalamisque
851 1290 996 1356 Serenae.

92 1380 253 1446 Iudicium
275 1381 407 1446 virtutis
430 1385 514 1467 erat3
536 1403 594 1464 per
617 1384 731 1466 castra,
753 1402 811 1464 per
832 1380 939 1466 urbes,

93 1469 156 1534 Per
178 1469 317 1554 populos
341 1470 439 1535 animi
463 1469 645 1535 cunctantis
667 1469 751 1534 libra
775 1469 924 1534 cucurrit.
1073 1485 1109 1536 75

94 1559 144 1623 Tu
166 1559 283 1645 legeris
307 1563 480 1642 tantosque
502 1559 599 1645 viros,
623 1579 704 1642 quos
728 1558 848 1622 obtuht
872 1557 969 1644 orbis,

93 1645 183 1712 Intra
207 1647 378 1712 consilium
400 1648 502 1712 vincis
526 1668 718 1732 sensumque
741 1647 888 1733 legentis,

92 1735 139 1800 Et
161 1757 259 1822 gener
280 1735 440 1824 Augustis
464 1737 542 1801 olim
565 1758 655 1801 socer
679 1735 749 1820 ipsc
772 1737 901 1800 futurus

92 1822 236 1888 Accedis
273 1825 385 1889 Rodiis
408 1825 478 1889 auri
501 1824 662 1909 Tyriaque
685 1825 831 1908 superbit

93 1911 263 1977 Maiestate
286 1917 392 2000 torus3
415 1914 568 1978 comitata
590 1913 779 1998 parentibus
803 1913 868 1977 exit
1072 1931 1107 1980 80

92 2000 267 2084 Purpureis
289 2002 391 2089 virgo.
428 2001 543 2067 Stabat
566 2007 658 2087 pater
679 2001 753 2067 inde
776 2002 918 2085 tropaeis

92 2088 242 2176 IncHtus3
264 2089 338 2154 inde
360 2091 451 2174 pium
473 2092 586 2156 matn's
609 2091 721 2178 regina
743 2091 876 2177 gerebat

93 2177 291 2262 Obsequium
314 2179 467 2264 gravibus
491 2180 683 2244 subnectens
706 2180 854 2244 flammea
876 2179 1020 2266 gemmis.

92 2266 182 2331 Tunc
205 2271 237 2331 et
261 2266 346 2332 Solis
370 2289 479 2354 equos,
502 2273 580 2334 tunc
603 2269 765 2333 exultasse
788 2268 913 2333 choreis

92 2354 192 2420 Astra
214 2356 324 2421 fenmt
346 2357 515 2442 mellisque
538 2359 628 2422 lacus
652 2361 684 2421 et
707 2357 840 2421 flumina
862 2357 957 2422 laetis
1070 2375 1105 2424 85

91 2445 247 2531 Erupisse
271 2445 351 2532 solo,
374 2467 447 2511 oum
470 2447 605 2512 floribus
628 2467 767 2531 aequora
789 2446 897 2511 vernis

91 2534 280 2620 Bosphorus
302 2535 449 2601 indueret
471 2536 636 2620 roseisque
660 2535 786 2600 evincta
808 2535 936 2600 coronis

93 2622 260 2689 Certantes
282 2622 381 2690 Asiae
403 2626 514 2690 taedas
535 2624 668 2709 Europa
690 2624 820 2689 levaret.

158 2711 250 2776 Felix
273 2714 399 2778 arbitrii
421 2715 579 2800 princeps,
603 2713 659 2797 qui
682 2734 824 2799 congrua
846 2712 966 2777 mundo

90 2797 216 2865 Iudicat
240 2804 272 2864 et
293 2802 418 2885 primus
441 2806 558 2888 censet,
581 2802 668 2886 quod
691 2801 849 2867 cernimus
873 2822 992 2866 omnes.
1069 2817 1104 2867 90

91 2887 202 2953 Talem
226 2889 344 2973 quippe
366 2891 472 2956 virum
493 2892 580 2956 natis
603 2890 749 2955 adiunxit
772 2893 804 2955 et
827 2889 929 2976 aulae,

92 2975 152 3041 Cui
173 2999 278 3061 neque
301 2979 443 3045 luxuries
466 2980 553 3045 beho
575 3001 635 3044 nec
656 2977 776 3044 blanda
797 2979 926 3062 perichs

92 3064 166 3130 Otia
188 3088 247 3131 nec
269 3067 351 3132 lucis
373 3069 499 3133 fructus
521 3068 694 3154 pretiosior
715 3088 869 3151 umquam

90 3153 199 3219 Laude
222 3155 293 3219 fuit.
331 3156 410 3233 Quis
433 3158 518 3223 enim
539 3157 638 3224 Visos
660 3158 696 3223 in
717 3157 863 3241 plaustra
885 3156 1008 3222 feroces

84 3243 246 3328 'Reppulit
269 3249 325 3309 aut
348 3268 443 3311 saera
464 3247 611 3312 Promoti
635 3246 729 3312 caede
751 3249 912 3311 tumentes
1070 3263 1105 3313 95

90 3331 265 3398 Basternas
287 3356 352 3398 una
374 3335 483 3418 potuit
506 3336 609 3403 delere
632 3334 747 3400 ruina?

146 3531 183 3579 62
198 3527 281 3603 Beli]
296 3529 441 3607 scaleam
462 3528 541 3589 belli.
