2392 3870
278 128 347 198 (III.)
365 127 406 181 ΙΝ
423 127 594 192 RVFlNVM
611 127 721 183 LIBER
739 127 884 184 PRIMVS.
1048 130 1083 191 ll

424 401 480 472 IN
505 399 729 473 RVFINVM

492 579 614 637 uranu
637 580 659 638 1.

508 704 512 712 ι

537 713 610 783 (111.)

136 821 237 906 Saepe
259 822 341 885 mihi
365 821 497 885 dubiam
519 821 621 884 traxit
645 821 805 885 sententia
828 826 978 907 mentem,

69 909 226 975 (iurarent
250 910 357 994 superi
380 914 483 973 terras
507 931 549 973 an
570 910 681 973 nullus
704 911 825 974 inesset

67 999 188 1063 Rector
211 1003 243 1062 et
265 999 388 1062 incerto
412 999 549 1062 fluerent
571 999 723 1062 mortalia
747 1021 831 1063 casu.

65 1087 152 1150 Nam
176 1109 249 1150 cum
272 1086 424 1170 dispositi
447 1085 645 1167 quaesissem
667 1087 796 1150 foedera
819 1087 931 1150 mundi

66 1174 352 1258 Praescriptosque
375 1173 459 1237 mari
481 1174 562 1237 fines
586 1174 743 1256 annisque
766 1178 891 1238 meatus
1067 1193 1082 1240 5

65 1263 112 1326 Et
135 1263 218 1326 lucis
240 1262 409 1344 noctisque
432 1261 532 1325 vices:
555 1266 634 1325 tunc
657 1263 765 1326 omnia
788 1263 882 1326 rebar

67 1350 213 1414 Consilio
236 1351 364 1414 firmata
387 1350 452 1434 dei,
476 1350 532 1433 qui
555 1349 626 1436 lege
649 1351 772 1414 moveri

67 1438 193 1524 Sidera,
216 1439 272 1521 qui
295 1439 405 1524 fruges
430 1438 557 1502 diverso
580 1442 725 1522 tempore
747 1439 847 1523 nasci,

66 1525 130 1602 Qui
153 1527 276 1591 variam
298 1526 452 1591 Phoeben
474 1526 580 1590 alieno
603 1525 735 1590 iusserit
758 1527 828 1612 igni

65 1614 229 1699 Compleri
253 1614 423 1698 Solemque
447 1637 520 1700 suo,
542 1615 722 1698 porrexerit
745 1615 841 1679 undis
1051 1634 1082 1682 10

63 1703 192 1789 Litora,
214 1704 363 1768 tellurem
386 1703 491 1767 medio
515 1703 684 1767 libraverit
707 1726 773 1768 axe.

64 1791 131 1856 Sed
153 1815 225 1856 cum
248 1814 299 1855 res
321 1792 490 1856 hominum
512 1795 605 1856 tanta
628 1792 767 1878 caligine
789 1792 877 1857 volvi

62 1879 274 1963 Adspicerem
296 1880 463 1964 laetosque
486 1880 542 1943 diu
564 1881 678 1944 florere
700 1885 853 1945 nocentes

63 1968 249 2052 Venerique
271 1969 353 2055 pios,
376 1991 489 2033 rursus
512 1969 672 2033 labefacta
696 1969 830 2033 cadebat

62 2057 208 2143 Relligio
232 2079 409 2140 causaeque
431 2057 519 2121 viam
540 2079 608 2121 non
630 2062 745 2141 sponte
768 2060 926 2141 sequebar
1049 2078 1081 2124 15

63 2144 226 2231 AlteriuS,
248 2167 349 2210 vacuo
373 2168 455 2229 quae
479 2167 605 2210 currere
628 2146 751 2210 semina
773 2151 866 2210 motu

63 2233 227 2298 Adfirmat
249 2256 466 2320 magnumque
488 2255 589 2298 novas
612 2257 669 2318 per
692 2235 787 2298 inane
810 2236 932 2321 figuras

63 2321 224 2407 Fortuna,
245 2345 312 2387 non
335 2327 403 2387 arte
426 2323 510 2408 regi,
533 2344 615 2405 quae
636 2323 771 2387 numina
794 2345 891 2388 sensu

64 2409 232 2496 Ambiguo
254 2412 307 2475 vel
328 2412 419 2475 nulla
441 2414 537 2495 putat
559 2411 612 2474 vel
633 2412 742 2475 nescia
764 2412 878 2475 nostri.

63 2498 216 2563 Abstulit
237 2499 323 2564 hunc
345 2501 476 2564 tandem
498 2499 610 2564 Rufini
631 2521 735 2583 poena
758 2500 936 2563 tumultum
1047 2518 1081 2566 20

64 2586 283 2670 Absolvitque
307 2589 391 2652 deos.
436 2586 507 2652 Iam
528 2609 596 2652 non
618 2588 660 2650 ad
682 2587 823 2651 culmina
846 2610 954 2653 rerum

64 2673 212 2739 Iniustos
235 2677 373 2740 crevisse
397 2698 527 2760 queror3
550 2676 712 2739 tolluntur
734 2677 769 2739 in
792 2676 903 2762 altum,

64 2763 113 2827 Vt
136 2765 229 2848 lapsu
251 2765 400 2850 graviore
424 2768 528 2828 ruant.
573 2763 642 2827 Vos
665 2764 797 2848 pandite
819 2765 897 2850 vati,

63 2851 224 2937 Pierides,
248 2874 312 2935 quo
335 2857 427 2917 tanta
449 2853 519 2916 lues
543 2852 685 2935 eruperit
709 2857 791 2916 ortu.

133 2938 277 3004 Invidiae
301 2941 463 3023 quondam
486 2940 629 3004 stimulis
652 2940 819 3005 incanduit
842 2945 936 3005 atrox
1048 2959 1082 3007 25

63 3027 209 3115 Allecto,
230 3029 374 3113 placidas
396 3030 462 3094 late
486 3051 559 3092 cum
582 3032 724 3092 cerneret
747 3030 852 3093 urbes.

62 3116 221 3181 Protinus
244 3118 387 3182 infernas
410 3117 452 3181 ad
473 3117 587 3181 limina
609 3120 714 3180 taetra
737 3139 864 3182 sorores

66 3205 251 3270 Concilium
275 3206 416 3270 deforme
438 3210 542 3270 vocat.
589 3204 817 3270 Glomerantur
840 3207 876 3270 in
897 3229 999 3271 unum

61 3292 256 3359 Innumerae
278 3298 386 3379 pestes
409 3294 522 3379 Erebi,
546 3316 764 3377 quascumque
787 3295 921 3359 sinistro

61 3421 280 3431 —.-.--—

136 3485 323 3558 tanaisque]
343 3487 492 3554 Heinsius
511 3485 647 3556 annique,
668 3483 822 3554 amnisque.
