2392 3870
432 711 808 785 EPITHALAMIVM

238 853 302 925 DE
330 852 524 926 NVPTIIS
552 853 755 926 HONORII
782 852 1028 969 Avcvsrt

498 1030 739 1092 PRAEFATIO.
831 1050 834 1058 ·

585 1164 658 1235 (IX.)

115 1272 177 1340 sur
200 1278 267 1338 eret
290 1273 325 1338 in
347 1272 526 1338 thalamum
550 1273 646 1337 ducto
670 1295 742 1337 cum
764 1273 880 1337 Pelion
903 1295 978 1353 arou

191 1385 226 1428 eo
249 1365 375 1447 caperet
398 1365 508 1426 tantos
530 1361 661 1445 hospita
683 1365 769 1424 terra
792 1360 881 1446 deos,

117 1451 197 1516 Cum
221 1473 311 1515 socer
334 1471 512 1533 aequoreus
534 1471 769 1532 numerosaque
792 1450 888 1513 turba
913 1471 1061 1514 sororum

160 1538 327 1604 Centarent
350 1537 455 1622 epulis
478 1538 666 1603 continuare
689 1537 757 1601 dies

112 1627 349 1709 Praeberetque
371 1624 442 1690 Iovi
466 1627 648 1691 communia
670 1625 786 1710 pocula
811 1625 945 1711 Chiron,
1115 1646 1131 1694 5

158 1713 303 1778 Molliter
326 1713 459 1796 obliqua
480 1718 573 1797 parte
596 1714 722 1778 refusus
746 1714 834 1799 equi,

113 1802 239 1867 Peneus
262 1800 387 1887 gelidos
410 1805 550 1865 mutaret
567 1806 700 1866 nectare
722 1803 844 1887 fontes,

159 1888 287 1953 Oetaeis
310 1890 446 1953 fluerent
469 1911 601 1973 spumea
623 1889 699 1954 vina
721 1889 820 1975 iugis:

114 1977 326 2062 Terpsichore
349 1976 478 2040 facilem
500 1976 621 2041 lascivo
645 1976 763 2061 pollice
785 1978 888 2042 movit

158 2065 319 2130 Barbiton
342 2068 373 2129 et
396 2064 510 2128 molles
535 2064 626 2129 duxit
650 2065 685 2129 in
708 2069 801 2129 antra
824 2065 948 2130 choros.
1094 2086 1129 2135 10

116 2154 266 2219 Carmina
288 2175 347 2217 nec
370 2152 495 2236 superis
518 2175 577 2216 nec
600 2153 791 2238 displicuere
814 2154 968 2240 Tonanti,

161 2243 242 2308 Cum
264 2241 383 2306 teneris
406 2246 540 2306 nossent
563 2263 705 2329 congrua
728 2247 804 2307 vota
827 2243 940 2307 modis.

117 2331 270 2398 Centauri
293 2330 461 2413 Faunique
483 2335 611 2417 negant.
658 2330 746 2407 Quae
768 2332 895 2395 flectere
918 2331 1084 2419 Rhoeton‚
1158 2370 1161 2374 ·

160 2422 248 2499 Quae
270 2420 412 2506 rigidum
434 2423 584 2504 poterant
606 2420 729 2503 plectra
751 2442 879 2484 movere
901 2420 1066 2484 Pholum?

116 2597 260 2681 Septima
282 2597 339 2661 lux
362 2597 472 2661 aderat
495 2597 583 2661 caelo
606 2596 790 2681 totiensque
813 2601 925 2661 renato
1095 2616 1130 2664 15

158 2684 293 2750 Viderat
316 2690 446 2750 exactos
469 2684 633 2770 Hesperus
656 2687 731 2772 igne
755 2686 883 2750 choros:

115 2773 198 2837 Tum
219 2772 384 2858 Phoebus,
408 2796 472 2857 quo
496 2797 573 2838 saxa
597 2774 719 2861 domat,
742 2796 806 2857 quo
829 2773 988 2858 pertrahit
1017 2795 1132 2861 omos,

159 2861 290 2925 Pectine
313 2863 485 2946 temptavit
507 2862 668 2927 nobiliore
691 2862 795 2946 lyram

114 2949 359 3034 Ventorumque
383 2952 483 3014 sacris
505 2951 625 3014 fidibus
648 2950 713 3014 iam
737 2951 872 3035 spondet
895 2949 1070 3038 Achillem,

164 3037 233 3102 Iam
255 3038 416 3126 Phrygias
440 3039 564 3124 caedes,
587 3039 652 3102 iam
676 3036 841 3104 Simoenta
864 3040 959 3104 canit.
1087 3051 1131 3106 '20

113 3126 282 3191 Frondoso
306 3127 444 3211 strepuit
466 3127 546 3191 felix
568 3127 774 3212 Hymenaeus
798 3128 950 3214 Olymp03

160 3214 319 3300 Reginam
342 3219 494 3279 resonant
517 3215 638 3299 Othrys
662 3220 694 3280 et
717 3214 798 3280 Ossa
821 3216 958 3281 Thetim.
