2392 3870
75 165 137 236 (X.)
156 162 442 219 EPITHALAMIVM
456 162 505 217 DE
518 162 664 218 NVPTIIS
674 161 828 218 HONORII
838 161 1006 218 Avuvsrr.
1029 163 1089 227 101

77 327 161 404 Quid
183 348 347 391 numerem
371 328 484 412 gentes
507 320 743 408 Atlanteosque
766 346 910 388 recessus
1040 341 1093 391 280

77 415 221 480 Oceani?
243 419 315 479 toto
338 414 461 498 pariter
484 413 643 477 donabere
666 413 808 477 mundo.'

142 503 237 568 Dixit
260 507 292 566 et
316 507 464 587 ornatus,
487 501 639 566 dederant
664 524 745 586 quos
767 523 871 585 nuper
895 506 1028 565 ovantes

75 592 244 677 Nereides,
268 591 351 656 collo
375 591 592 674 membrisque
615 590 812 655 micantibus
835 594 935 674 aptat.

76 681 151 766 Ipsa
174 684 270 765 caput
294 680 468 766 distinguit
492 702 564 764 acu,
588 679 784 766 substringit
808 679 959 764 amictus3

75 770 239 834 Flammea
262 769 419 856 virgineis
443 769 664 832 accommodat
687 768 758 852 ipsa
782 767 918 851 capillis.
1040 782 1093 832 285

76 858 162 923 Ante
185 859 272 922 fores
296 858 361 922 iam
383 879 502 941 pompa
526 862 636 942 sonat,
659 857 845 940 pilentaque
869 878 959 920 sacra

75 947 286 1012 Praeradiant
310 947 446 1010 ductura
467 968 593 1009 nurum.
641 944 732 1009 Calet
756 945 871 1009 obvius
895 945 942 1008 ire

76 1035 144 1099 lam
167 1035 317 1120 princeps
341 1034 533 1118 tardumque
558 1033 647 1117 cupit
671 1033 831 1098 discedere
856 1033 969 1097 solem:

75 1124 207 1190 Nobilis
230 1123 318 1187 haud
340 1123 436 1187 aliter
459 1122 603 1207 sonipes,
626 1143 722 1204 quem
744 1122 869 1206 primus
892 1122 1012 1186 amoris

77 1212 275 1277 Sollicitavit
299 1212 392 1296 odor,
415 1211 559 1275 tumidus
584 1211 797 1294 quatiensque
820 1210 951 1274 decoras
1043 1226 1094 1276 290

78 1301 218 1365 Curvata
242 1300 365 1364 cervice
388 1300 482 1364 iubas
505 1299 675 1363 Pharsalia
698 1320 773 1363 rura

75 1389 229 1453 Pervolat
253 1394 285 1453 et
307 1393 404 1452 notos
427 1388 560 1452 hinnitu
582 1387 712 1473 flagitat
735 1410 844 1451 amnes

76 1477 222 1543 Naribus
247 1477 403 1561 accensis3
426 1478 546 1542 mulcet
570 1476 706 1540 fecunda
728 1476 904 1562 magistros

78 1566 157 1650 Spes
182 1566 292 1652 gregis
317 1571 349 1629 et
372 1566 508 1650 pulchro
532 1565 674 1651 gaudent
697 1569 842 1629 armenta
865 1565 992 1628 marito.

146 1654 310 1719 Candidus
334 1654 457 1718 interea
479 1654 598 1738 positis
623 1654 783 1718 exercitus
806 1654 905 1717 armis
1044 1668 1095 1717 295

76 1743 215 1808 Exultat
240 1765 388 1806 socerum
411 1743 508 1827 circa,
531 1764 591 1806 nec
615 1743 751 1828 signifer
773 1742 860 1806 ullus

77 1830 148 1896 Nec
170 1831 266 1895 miles
290 1830 419 1914 pluviae
442 1831 538 1894 flores
562 1831 745 1918 dispergere
768 1831 835 1895 ritu

79 1919 193 1983 Cessat
217 1940 444 2003 purpureoque
468 1919 580 1983 ducem
603 1921 793 2004 perfimdere
816 1920 937 1984 nimbo.

77 2008 168 2071 Haec
196 2029 324 2091 quoque
347 2007 446 2072 velati
469 2007 561 2072 lauro
584 2013 756 2092 myrtoque
780 2009 950 2074 canebant:

147 2095 241 2159 ‘Dive
265 2118 395 2181 parenS,
419 2119 475 2160 seu
498 2102 531 2161 te
554 2099 780 2182 complectitur
803 2098 873 2162 axis
898 2096 1042 2181 Olympi,

78 2185 141 2249 Seu
168 2185 288 2268 premis
311 2184 444 2267 Elysias
467 2186 648 2249 animarum
670 2187 813 2270 praemia
836 2186 951 2271 valles,
1045 2201 1095 2249 301

77 2273 130 2337 En
153 2273 316 2357 promissa
339 2274 402 2337 tibi
426 2273 564 2338 Stilicho
587 2275 653 2338 iam
675 2280 751 2339 vota
774 2275 912 2361 peregit3

78 2361 146 2426 lam
170 2367 283 2448 gratae
306 2362 427 2426 redicre
451 2362 551 2447 vices;
575 2362 734 2426 cunabula
756 2368 884 2447 pensat,

78 2451 256 2535 Acceptum
280 2450 385 2514 reddit
408 2451 588 2515 thalamum
610 2456 752 2534 natoque
775 2450 915 2535 reponit,

78 2539 171 2616 Quod
199 2539 328 2602 dederat
314 2539 488 2624 tgenitor.
534 2539 721 2623 Numquam
744 2543 790 2624 te,
818 2542 928 2602 sancte
934 2590 942 2623 ,
911 2536 1097 2622 epigebit

77 2627 197 2691 Iudicii
220 2649 279 2691 nec
301 2627 461 2710 tepictas
485 2648 634 2726 suprema
655 2627 781 2691 fefellit.
1045 2643 1097 2692 306

77 2717 212 2803 Dignus
238 2714 290 2778 cui
313 2715 414 2799 leges,
438 2714 555 2800 dignus
580 2715 631 2777 cui
653 2716 871 2801 pignoratan

77 2804 244 2888 Principis
269 2808 301 2866 et
324 2824 431 2866 rerum
455 2802 713 2867 commendarent
699 2808 754 2866 tur
776 2718 928 2867 haberiae

77 2895 193 2959 Dicere
215 2913 398 2977 possemus,
408 2914 504 2992 'quae
526 2891 650 2976 proclia
674 2896 767 2978 gesta
791 2892 851 2956 sub
874 2891 998 2956 Haemo

78 2983 230 3066 Quaeque
254 2985 366 3045 eruent
368 2981 454 3044 arint
440 2981 603 3045 ttsuman
589 2985 655 3045 tem
679 2980 853 3064 Strymona
875 3003 1015 3066 pugnae,
1043 2997 1096 3046 310

78 3072 181 3148 Quam
204 3075 303 3134 notus
327 3069 446 3155 clipeo,
470 3074 591 3153 quanta
614 3070 647 3133 vi
670 3069 821 3133 fulminet
843 3069 984 3155 hostem,

77 3161 123 3227 Ni
145 3158 334 3244 prohiberet
357 3158 494 3242 Hymen.
542 3157 630 3234 Quae
653 3159 845 3242 tempestiva
869 3157 986 3242 relatu,

77 3250 174 3315 Nunc
198 3248 352 3312 canimus.
399 3246 479 3322 Quis
503 3247 653 3332 consilio,
677 3247 750 3330 quis
773 3247 853 3311 iuris
876 3251 908 3310 et
932 3246 1026 3330 aequi

76 3339 183 3404 Nosse
205 3336 337 3400 modum
359 3335 496 3399 melior?
542 3334 635 3410 Quod
659 3357 784 3419 semper
807 3335 939 3421 dissilit,
963 3335 998 3398 in
1020 3339 1052 3399 te

79 3424 251 3508 Convenit,
275 3424 405 3508 ingenio
429 3424 542 3509 robur,
565 3423 737 3507 prudentia
759 3424 847 3489 forti.
1041 3439 1092 3487 315

77 3517 198 3580 Fronte
222 3513 294 3596 quis
318 3513 467 3594 aequali?
491 3533 586 3594 quem
610 3512 655 3575 sic
678 3512 825 3577 Romana
849 3512 996 3576 decerent
