2392 3870
122 144 188 209 252
444 143 591 199 ctavnfl
611 141 813 249 CLAVDIle

125 308 307 391 Crebraque
331 306 467 371 facimdo
490 306 623 371 festinet
645 306 755 371 littera
778 328 885 372 cursu

167 397 274 461 Libris
298 402 394 479 atque
417 396 534 459 animis
557 395 748 460 insinuanda
771 397 868 462 meis.

124 487 284 571 Dignatus
307 485 398 548 tenui
423 484 540 548 Caesar
563 484 730 570 scripsisse
751 483 905 572 Maroni,

166 574 236 639 Nec
258 574 318 638 tibi
343 573 488 638 dedecori
511 572 605 637 Musa
626 574 744 638 futura.
781 573 879 640 Vale.

535 783 604 838 1111.
624 782 728 853 (mu.)

482 916 537 974 AD
562 914 779 975 PROBINVM.

125 1035 239 1119 Quem,
262 1056 389 1119 precor,
413 1034 497 1098 inter
519 1056 580 1098 nos
602 1034 754 1099 habitura
777 1033 914 1100 silentia
939 1039 1071 1106 finem?

170 1123 303 1200 Quando
328 1122 417 1186 dabit
441 1145 531 1186 caras
554 1123 664 1188 littera
686 1127 780 1209 grata
801 1122 918 1190 vices?

124 1211 177 1276 Me
199 1212 348 1276 timidum
371 1211 423 1276 vel
446 1216 478 1276 te
500 1212 609 1294 potius
633 1212 751 1276 dixisse
774 1212 961 1296 superbum

171 1301 343 1366 Convenit:
367 1301 500 1365 alterius
524 1301 645 1365 crimen
667 1305 839 1383 utrumque
863 1305 972 1370 tenet.

125 1391 348 1455 Transfluxere
373 1390 439 1453 dies
463 1393 509 1474 et,
532 1389 608 1453 dum
631 1389 796 1474 scripsisse
818 1389 972 1472 priorem

169 1479 329 1563 Paenitet,
353 1483 499 1559 aeternas
521 1477 588 1542 itur
610 1478 645 1542 in
666 1500 769 1562 usque
791 1499 913 1544 moras,

126 1568 187 1633 Sed
211 1568 288 1651 quid
311 1568 428 1653 agam?
465 1566 616 1651 Coepisse
638 1571 727 1631 vetet
749 1568 936 1634 reverentia
960 1576 1087 1659 vestri3

169 1656 254 1720 Hinc
277 1679 367 1720 amor
390 1656 540 1720 hortatur
563 1656 711 1721 scribere.
746 1655 865 1720 Vincat
890 1679 1002 1727 amor.

126 1745 219 1809 ‘Fors
242 1746 331 1809 iuvat
355 1745 518 1809 audentes’
543 1745 641 1828 prisci
664 1743 822 1809 sententia
845 1746 945 1812 ratis,

169 1833 239 1897 Hac
263 1834 341 1897 duce
363 1856 430 1898 non
453 1833 597 1897 dubitem
620 1838 652 1898 tc
675 1833 829 1898 reticente
852 1833 964 1924 loqui;
1126 1859 1152 1907 ιο

125 1922 240 1986 Audax
265 1926 321 1985 aut
345 1922 372 1985 si
396 1922 475 2005 quid
497 1922 627 2007 penitus
650 1944 798 2006 peccasse
820 1922 981 2012 videbor,

170 2010 312 2096 Arguar,
335 2011 455 2096 ingrati
478 2034 545 2075 non
568 2011 734 2076 subiturus
759 2033 848 2075 onus,

126 2100 290 2162 Romanos
314 2098 456 2162 bibimus
479 2100 617 2182 primum
641 2104 673 2164 10
697 2100 827 2164 consule
849 2099 965 2167 fontes

170 2187 215 2250 Et
237 2187 350 2250 Latiae
374 2188 507 2252 accessit
531 2188 628 2252 Graia
651 2189 765 2253 Thalia
787 2193 897 2275 togae,

126 2275 350 2360 incipiensque
372 2276 439 2340 tuis
463 2299 481 2340 a
505 2277 647 2341 fascibus
671 2278 779 2342 omina
803 2277 872 2361 cepi
1128 2305 1155 2353 15

170 2364 314 2450 Fataque
338 2364 459 2430 debebo
483 2366 663 2450 posteriora
685 2366 754 2431 tibi.

126 2455 216 2542 Ergo
240 2455 408 2520 lacessitus
431 2455 561 2519 tandem
583 2455 722 2520 rescribe
745 2454 874 2543 roganti

170 2545 215 2609 Et
238 2546 343 2629 patria
365 2546 483 2609 florens
507 2548 607 2630 sorte,
630 2544 783 2630 Probine,
805 2544 886 2610 vale.

535 2771 616 2825 1111.
638 2771 729 2841 (mu.)

418 2905 471 2961 DE
495 2902 601 2963 APRO
625 2906 677 2963 ΕΤ
699 2901 844 2963 LEONE.

128 3021 252 3085 Torvus
277 3043 352 3104 aper
374 3022 546 3104 fulvusque
569 3022 619 3086 leo
644 3023 746 3087 coiere
771 3021 918 3106 superbis

170 3108 317 3194 Viribus,
340 3110 393 3173 hic
417 3116 505 3173 saeta
529 3111 667 3196 saevior,
690 3112 745 3175 ille
768 3111 858 3196 iuba3

128 3197 223 3261 Hunc
246 3197 347 3283 Mars,
374 3198 460 3262 hunc
487 3200 597 3263 laudat
621 3199 748 3284 Cybele.
784 3199 985 3265 Dominatur
1015 3213 1162 3296 uterque

173 3286 354 3371 Montibus3
377 3284 554 3351 Herculeus
579 3289 676 3353 sudor
698 3294 832 3372 uterque
855 3287 927 3353 fuit.
