2392 3870
219 157 300 227 (XII.)
319 155 360 209 IN
377 154 595 216 BVTROPIVM
613 154 725 209 LIBER
743 153 939 211 SECVNDVS.
1050 158 1068 221 7
1072 158 1093 221 3

79 319 228 385 Stridunt
251 340 309 382 axe
332 318 431 382 nives.
476 316 523 382 Ut
545 317 664 381 vertice
688 317 836 381 constitit
858 316 974 381 Haemi

75 408 308 490 Femineasque
331 411 426 492 togas
449 404 569 488 pressis
593 406 760 488 conspexit
783 405 917 469 habenis
924 457 933 491 ‚

78 496 219 560 Subrisit
243 494 369 558 crudele
391 498 483 577 pater
506 493 676 575 cristisque
699 493 870 558 micantem

78 584 250 661 Quassavit
273 583 412 669 galeam3
435 586 513 645 tunc
535 582 739 664 implacabile
761 604 881 646 numen

77 673 246 736 Bellonam
265 671 459 755 adloquitur,
479 691 560 752 quae
579 671 734 756 sanguine
754 670 882 734 sordida
896 675 1018 736 restem
1042 688 1093 736 110

77 760 217 845 Illyricis
240 761 377 845 pingues
399 759 549 842 pectebat
572 759 736 844 stragibus
758 759 892 843 hydros:

145 848 303 914 ‘Necdum
325 848 495 932 mollitiae,
518 847 667 931 necdum,
690 868 856 933 germana,
879 848 998 912 mederi

77 937 254 1001 Possumus
277 936 388 1000 ane?
410 958 587 1019 numquam
611 940 762 1019 corrupta
784 936 945 1022 rigescent

78 1025 234 1089 Saecula?
281 1023 505 1108 Cappadocum
528 1024 645 1107 tepidis
667 1022 815 1110 Argaeus
838 1026 960 1089 acervis

78 1113 229 1198 Aestuat3
252 1113 365 1177 infelix
388 1114 564 1177 etiamnum
585 1111 687 1196 pallet
710 1112 857 1177 Orontes.
1042 1130 1093 1179 115

78 1201 165 1265 Dum
187 1206 336 1286 pereunt,
359 1202 531 1265 meminere
554 1200 644 1285 mali3
669 1201 695 1264 si
720 1201 815 1264 corda
837 1223 1010 1285 parumper

79 1290 250 1374 Respirare
274 1291 374 1375 sinas,
396 1290 488 1354 nullo
511 1294 563 1354 tot
585 1289 698 1352 funera
722 1311 818 1353 sensu

77 1378 301 1443 Praetereunt:
324 1378 457 1461 antiqua
480 1378 560 1441 levis
582 1377 707 1441 iactura
730 1377 866 1441 cruoris!

146 1466 308 1551 ‘Adspicis
332 1467 525 1531 obscaenum
548 1465 696 1529 facinus?
719 1466 797 1548 quid
820 1466 962 1530 crinibus
986 1487 1042 1529 ora

77 1555 252 1641 Protegis?
275 1578 315 1619 en
337 1555 449 1639 quales
473 1576 541 1618 sese
565 1554 692 1618 diffudit
713 1555 749 1618 in
771 1559 862 1619 actus
1042 1571 1093 1620 110

78 1644 182 1707 Parva
205 1644 310 1728 quies,
334 1648 492 1726 quantum
513 1647 694 1707 nocuerunt
718 1643 784 1707 otia
807 1643 896 1707 ferri!

79 1731 141 1808 Qui
165 1732 268 1795 011011
291 1731 400 1815 bellis,
424 1731 570 1795 eunucho
593 1731 732 1796 traditur
755 1753 866 1797 annus.

78 1819 198 1884 Actum
222 1820 260 1883 de
282 1819 404 1883 trabeis
428 1824 525 1904 esset,
551 1821 578 1883 si
600 1820 748 1904 partibus
771 1842 836 1884 una

78 1908 171 1971 Mens
194 1908 278 1971 foret
301 1907 480 1992 Hesperiis3
503 1913 611 1973 rueret
633 1908 737 1972 derisa
759 1912 905 1973 vetustas

78 1996 243 2079 Nullaque
267 1996 381 2061 calcati
405 1999 528 2060 starent
550 1997 688 2082 vestigia
710 1997 803 2082 iuris,
1042 2013 1092 2064 125

78 2084 123 2150 Ni
146 2107 269 2148 memor
290 2085 416 2168 imperii
440 2084 577 2149 Stilicho
600 2107 789 2169 morumque
811 2086 956 2170 priorum

79 2172 185 2256 Turpe
208 2173 383 2259 relegasset
406 2173 536 2238 defenso
560 2173 723 2258 Thybride
745 2197 864 2239 nomen

78 2260 301 2344 Intactamque
323 2284 408 2327 novo
433 2267 592 2326 servasset
616 2262 747 2326 crimine
770 2262 915 2327 Romam.

77 2349 138 2414 Ille
162 2349 248 2413 dedit
270 2355 414 2434 portum,
438 2371 501 2434 quo
526 2371 560 2413 se
582 2350 711 2433 pulsata
734 2351 868 2414 referret

79 2437 232 2502 Maiestas
254 2438 341 2502 Latii
364 2439 623 2521 deformataeque
647 2460 786 2522 secures3
1043 2455 1093 2504 130

79 2524 139 2590 Ille
163 2526 249 2590 dedit
272 2527 389 2611 fastos,
413 2526 453 2589 ad
477 2547 559 2609 quos
582 2523 712 2590 Oriente
735 2525 848 2589 relicto

81 2613 277 2700 Confugeret
301 2635 449 2697 sparsum
471 2613 607 2678 maculis
630 2613 801 2677 servilibus
825 2634 946 2677 aevum.

147 2702 262 2779 ‘Quam
291 2702 411 2765 similes
438 2701 517 2764 haec
541 2701 615 2764 aula
637 2702 737 2765 viros!
782 2699 834 2765 Ad
856 2701 983 2765 moenia
1004 2702 1094 2766 visus

79 2790 205 2876 Dirige:
228 2814 306 2854 num
330 2790 444 2853 saltem
467 2789 567 2853 tacita
590 2789 760 2853 formidine
782 2790 951 2854 mussant?

78 2878 167 2944 Num
186 2879 339 2943 damnant
357 2877 487 2942 animo?
522 2877 733 2942 Plaudentem
755 2900 848 2942 cerne
871 2883 1018 2943 senatum
1043 2895 1093 2944 135

78 2966 124 3031 Et
147 2967 345 3050 Byzantinos
367 2988 516 3051 proceres
540 2965 718 3049 Graiosque
743 2965 892 3044 Quirites.

79 3053 106 3118 Ο
130 3056 278 3138 patribus
300 3055 425 3141 plebea,
449 3078 467 3119 o
492 3056 581 3140 digni
605 3054 735 3119 consule
758 3055 878 3138 patres!

81 3143 186 3219 Quid?
210 3145 296 3227 quod
319 3149 351 3208 11
375 3144 490 3208 armati
514 3147 639 3208 cessant
663 3147 695 3206 et
716 3143 808 3207 nulla
830 3142 933 3207 virilis

78 3230 169 3295 Inter
189 3236 242 3297 tot
264 3233 390 3318 gladios
414 3254 524 3297 sexum
547 3231 763 3296 reminiscitur
784 3232 858 3295 ira?

78 3319 205 3384 Hucine
226 3325 414 3385 nostrorum
437 3321 561 3384 cinctus
584 3320 690 3384 abiere
712 3319 890 3403 nepotum?
1042 3337 1094 3387 140

80 3407 133 3472 Sic
155 3408 250 3472 Bruti
273 3409 441 3493 despectus
464 3408 591 3472 honos?

624 3494 771 3581 ‘Ignosce
793 3495 936 3580 parenti,
