<?xml version="1.0" encoding="UTF-8"?>
<!DOCTYPE html PUBLIC "-//W3C//DTD XHTML 1.0 Transitional//EN"
    "http://www.w3.org/TR/xhtml1/DTD/xhtml1-transitional.dtd">
<html xmlns="http://www.w3.org/1999/xhtml" xml:lang="en" lang="en">
 <head>
  <title>
</title>
<meta http-equiv="Content-Type" content="text/html;charset=utf-8" />
  <meta name='ocr-system' content='tesseract 3.04.00' />
  <meta name='ocr-capabilities' content='ocr_page ocr_carea ocr_par ocr_line ocrx_word'/>
</head>
<body>
  <div class='ocr_page' id='page_1' title='image "./claudiiclaudian03claugoog_0139.png"; bbox 0 0 2392 3870; ppageno 0'>
   <div class='ocr_carea' id='block_1_1' title="bbox 107 146 800 212">
    <p class='ocr_par' dir='ltr' id='par_1_1' title="bbox 107 146 800 212">
     <span class='ocr_line' id='line_1_1' title="bbox 107 146 800 212; baseline 0 -10"><span class='ocrx_word' id='word_1_1' title='bbox 107 149 149 212; x_wconf 84' lang='lat'>68</span> <span class='ocrx_word' id='word_1_2' title='bbox 436 146 582 202; x_wconf 86' lang='lat' dir='ltr'>CLAVDIl</span> <span class='ocrx_word' id='word_1_3' title='bbox 600 147 800 204; x_wconf 82' lang='lat' dir='ltr'><strong>CLAVDIANI</strong></span> 
     </span>
    </p>
   </div>
   <div class='ocr_carea' id='block_1_2' title="bbox 104 309 997 1367">
    <p class='ocr_par' dir='ltr' id='par_1_2' title="bbox 104 309 997 1367">
     <span class='ocr_line' id='line_1_2' title="bbox 104 309 897 393; baseline 0.001 -19"><span class='ocrx_word' id='word_1_4' title='bbox 104 309 165 375; x_wconf 92' lang='lat' dir='ltr'>Ille</span> <span class='ocrx_word' id='word_1_5' title='bbox 190 310 270 374; x_wconf 88' lang='lat' dir='ltr'>citas</span> <span class='ocrx_word' id='word_1_6' title='bbox 294 310 408 375; x_wconf 89' lang='lat' dir='ltr'>consul</span> <span class='ocrx_word' id='word_1_7' title='bbox 430 332 551 393; x_wconf 89' lang='lat' dir='ltr'>poenas</span> <span class='ocrx_word' id='word_1_8' title='bbox 575 332 608 373; x_wconf 91' lang='grc'>11</span> <span class='ocrx_word' id='word_1_9' title='bbox 632 310 763 374; x_wconf 90' lang='lat' dir='ltr'>consule</span> <span class='ocrx_word' id='word_1_10' title='bbox 787 311 897 376; x_wconf 78' lang='lat' dir='ltr'>solvit:</span> 
     </span>
     <span class='ocr_line' id='line_1_3' title="bbox 150 397 845 483; baseline 0.003 -21"><span class='ocrx_word' id='word_1_11' title='bbox 150 397 266 463; x_wconf 88' lang='lat' dir='ltr'>Annus</span> <span class='ocrx_word' id='word_1_12' title='bbox 290 399 345 483; x_wconf 95' lang='lat' dir='ltr'>qui</span> <span class='ocrx_word' id='word_1_13' title='bbox 368 399 497 463; x_wconf 80' lang='lat' dir='ltr'>trabeas</span> <span class='ocrx_word' id='word_1_14' title='bbox 519 399 573 462; x_wconf 94' lang='lat' dir='ltr'>hic</span> <span class='ocrx_word' id='word_1_15' title='bbox 595 398 682 463; x_wconf 81' lang='lat' dir='ltr'>dedit</span> <span class='ocrx_word' id='word_1_16' title='bbox 705 399 845 464; x_wconf 81' lang='lat' dir='ltr'>exilium.</span> 
     </span>
     <span class='ocr_line' id='line_1_4' title="bbox 106 486 997 574; baseline 0.001 -22"><span class='ocrx_word' id='word_1_17' title='bbox 106 486 290 552; x_wconf 80' lang='lat' dir='ltr'>Infaustum</span> <span class='ocrx_word' id='word_1_18' title='bbox 312 488 441 571; x_wconf 89' lang='lat' dir='ltr'>populis</span> <span class='ocrx_word' id='word_1_19' title='bbox 464 488 500 551; x_wconf 90' lang='lat' dir='ltr'>in</span> <span class='ocrx_word' id='word_1_20' title='bbox 522 509 556 550; x_wconf 91' lang='grc'>11</span> <span class='ocrx_word' id='word_1_21' title='bbox 580 508 707 570; x_wconf 90' lang='lat' dir='ltr'>quoque</span> <span class='ocrx_word' id='word_1_22' title='bbox 730 488 867 552; x_wconf 84' lang='lat' dir='ltr'>vertitur</span> <span class='ocrx_word' id='word_1_23' title='bbox 891 511 997 574; x_wconf 81' lang='lat' dir='ltr'>omen3</span> 
     </span>
     <span class='ocr_line' id='line_1_5' title="bbox 152 575 867 661; baseline 0.001 -21"><span class='ocrx_word' id='word_1_24' title='bbox 152 575 261 640; x_wconf 83' lang='lat' dir='ltr'>Saevit</span> <span class='ocrx_word' id='word_1_25' title='bbox 283 575 319 640; x_wconf 90' lang='lat' dir='ltr'>in</span> <span class='ocrx_word' id='word_1_26' title='bbox 340 580 504 640; x_wconf 81' lang='lat' dir='ltr'>auctorem</span> <span class='ocrx_word' id='word_1_27' title='bbox 527 575 732 661; x_wconf 80' lang='lat' dir='ltr'>prodigiosus</span> <span class='ocrx_word' id='word_1_28' title='bbox 754 575 867 641; x_wconf 85' lang='lat' dir='ltr'>honos.</span> 
     </span>
     <span class='ocr_line' id='line_1_6' title="bbox 104 662 819 748; baseline -0.004 -17"><span class='ocrx_word' id='word_1_29' title='bbox 104 662 231 731; x_wconf 87' lang='lat' dir='ltr'>Abluto</span> <span class='ocrx_word' id='word_1_30' title='bbox 254 664 384 748; x_wconf 89' lang='lat' dir='ltr'>penitus</span> <span class='ocrx_word' id='word_1_31' title='bbox 407 663 567 748; x_wconf 89' lang='lat' dir='ltr'>respirant</span> <span class='ocrx_word' id='word_1_32' title='bbox 589 665 719 728; x_wconf 90' lang='lat' dir='ltr'>nomine</span> <span class='ocrx_word' id='word_1_33' title='bbox 743 664 819 728; x_wconf 90' lang='lat' dir='ltr'>fasti</span> 
     </span>
     <span class='ocr_line' id='line_1_7' title="bbox 152 752 846 836; baseline 0.001 -20"><span class='ocrx_word' id='word_1_34' title='bbox 152 753 376 836; x_wconf 89' lang='lat' dir='ltr'>Maturamque</span> <span class='ocrx_word' id='word_1_35' title='bbox 399 754 486 816; x_wconf 90' lang='lat' dir='ltr'>luem</span> <span class='ocrx_word' id='word_1_36' title='bbox 509 752 618 816; x_wconf 86' lang='lat' dir='ltr'>sanior</span> <span class='ocrx_word' id='word_1_37' title='bbox 640 753 714 816; x_wconf 91' lang='lat' dir='ltr'>aula</span> <span class='ocrx_word' id='word_1_38' title='bbox 736 753 846 818; x_wconf 86' lang='lat' dir='ltr'>vomit.</span> 
     </span>
     <span class='ocr_line' id='line_1_8' title="bbox 108 840 857 926; baseline -0.001 -19"><span class='ocrx_word' id='word_1_39' title='bbox 108 841 323 908; x_wconf 90' lang='lat' dir='ltr'>Dissimulant</span> <span class='ocrx_word' id='word_1_40' title='bbox 347 840 426 905; x_wconf 92' lang='lat' dir='ltr'>socii</span> <span class='ocrx_word' id='word_1_41' title='bbox 449 840 670 923; x_wconf 83' lang='lat' dir='ltr'>coniuratique</span> <span class='ocrx_word' id='word_1_42' title='bbox 692 842 857 926; x_wconf 82' lang='lat' dir='ltr'>recedunt,</span> 
     </span>
     <span class='ocr_line' id='line_1_9' title="bbox 152 929 927 1015; baseline 0 -21"><span class='ocrx_word' id='word_1_43' title='bbox 152 930 340 995; x_wconf 87' lang='lat' dir='ltr'>Procumbit</span> <span class='ocrx_word' id='word_1_44' title='bbox 363 929 484 1012; x_wconf 88' lang='lat' dir='ltr'>pariter</span> <span class='ocrx_word' id='word_1_45' title='bbox 507 951 579 992; x_wconf 94' lang='lat' dir='ltr'>cum</span> <span class='ocrx_word' id='word_1_46' title='bbox 603 929 681 993; x_wconf 87' lang='lat' dir='ltr'>duce</span> <span class='ocrx_word' id='word_1_47' title='bbox 704 934 774 993; x_wconf 89' lang='lat' dir='ltr'>tota</span> <span class='ocrx_word' id='word_1_48' title='bbox 798 930 927 1015; x_wconf 80' lang='lat' dir='ltr'>cohors3</span> 
     </span>
     <span class='ocr_line' id='line_1_10' title="bbox 107 1017 794 1103; baseline -0.003 -19"><span class='ocrx_word' id='word_1_49' title='bbox 107 1019 185 1084; x_wconf 89' lang='lat' dir='ltr'>Non</span> <span class='ocrx_word' id='word_1_50' title='bbox 207 1018 274 1082; x_wconf 91' lang='lat' dir='ltr'>acie</span> <span class='ocrx_word' id='word_1_51' title='bbox 296 1018 387 1102; x_wconf 77' lang='lat' dir='ltr'>victi,</span> <span class='ocrx_word' id='word_1_52' title='bbox 409 1040 476 1082; x_wconf 91' lang='lat' dir='ltr'>non</span> <span class='ocrx_word' id='word_1_53' title='bbox 499 1017 655 1081; x_wconf 84' lang='lat' dir='ltr'>seditione</span> <span class='ocrx_word' id='word_1_54' title='bbox 678 1018 794 1103; x_wconf 80' lang='lat' dir='ltr'>coacti3</span> 
     </span>
     <span class='ocr_line' id='line_1_11' title="bbox 153 1105 820 1191; baseline -0.001 -19"><span class='ocrx_word' id='word_1_55' title='bbox 153 1106 222 1172; x_wconf 87' lang='lat' dir='ltr'>Nec</span> <span class='ocrx_word' id='word_1_56' title='bbox 244 1111 380 1190; x_wconf 90' lang='lat' dir='ltr'>pereunt</span> <span class='ocrx_word' id='word_1_57' title='bbox 402 1106 481 1191; x_wconf 86' lang='lat' dir='ltr'>ritu,</span> <span class='ocrx_word' id='word_1_58' title='bbox 505 1127 569 1188; x_wconf 99' lang='lat' dir='ltr'>quo</span> <span class='ocrx_word' id='word_1_59' title='bbox 591 1105 727 1191; x_wconf 82' lang='lat' dir='ltr'>periere,</span> <span class='ocrx_word' id='word_1_60' title='bbox 750 1106 820 1171; x_wconf 87' lang='lat' dir='ltr'>viri.</span> 
     </span>
     <span class='ocr_line' id='line_1_12' title="bbox 110 1194 919 1281; baseline 0 -21"><span class='ocrx_word' id='word_1_61' title='bbox 110 1195 258 1260; x_wconf 82' lang='lat' dir='ltr'>Concidit</span> <span class='ocrx_word' id='word_1_62' title='bbox 281 1194 414 1281; x_wconf 83' lang='lat' dir='ltr'>exiguae</span> <span class='ocrx_word' id='word_1_63' title='bbox 438 1194 597 1259; x_wconf 89' lang='lat' dir='ltr'>dementia</span> <span class='ocrx_word' id='word_1_64' title='bbox 619 1194 751 1258; x_wconf 80' lang='lat' dir='ltr'>vulnere</span> <span class='ocrx_word' id='word_1_65' title='bbox 775 1195 919 1280; x_wconf 81' lang='lat' dir='ltr'>chartae3</span> 
     </span>
     <span class='ocr_line' id='line_1_13' title="bbox 155 1282 836 1367; baseline 0 -19"><span class='ocrx_word' id='word_1_66' title='bbox 155 1283 301 1349; x_wconf 84' lang='lat' dir='ltr'>Confecit</span> <span class='ocrx_word' id='word_1_67' title='bbox 324 1305 454 1349; x_wconf 84' lang='lat' dir='ltr'>saevum</span> <span class='ocrx_word' id='word_1_68' title='bbox 476 1283 586 1347; x_wconf 87' lang='lat' dir='ltr'>littera</span> <span class='ocrx_word' id='word_1_69' title='bbox 608 1282 723 1347; x_wconf 88' lang='lat' dir='ltr'>Martis</span> <span class='ocrx_word' id='word_1_70' title='bbox 747 1305 836 1367; x_wconf 91' lang='lat' dir='ltr'>opus.</span> 
     </span>
    </p>
   </div>
   <div class='ocr_carea' id='block_1_3' title="bbox 108 1460 1124 2520">
    <p class='ocr_par' dir='ltr' id='par_1_3' title="bbox 108 1460 1124 2520">
     <span class='ocr_line' id='line_1_14' title="bbox 108 1460 858 1543; baseline -0.003 -16"><span class='ocrx_word' id='word_1_71' title='bbox 108 1462 219 1527; x_wconf 90' lang='lat' dir='ltr'>Mollis</span> <span class='ocrx_word' id='word_1_72' title='bbox 242 1461 380 1526; x_wconf 86' lang='lat' dir='ltr'>feminea</span> <span class='ocrx_word' id='word_1_73' title='bbox 403 1460 584 1525; x_wconf 91' lang='lat' dir='ltr'>detruditur</span> <span class='ocrx_word' id='word_1_74' title='bbox 606 1482 678 1524; x_wconf 91' lang='lat' dir='ltr'>arce</span> <span class='ocrx_word' id='word_1_75' title='bbox 700 1464 858 1543; x_wconf 87' lang='lat' dir='ltr'>tyrannus</span> 
     </span>
     <span class='ocr_line' id='line_1_15' title="bbox 153 1548 868 1633; baseline -0.003 -18"><span class='ocrx_word' id='word_1_76' title='bbox 153 1551 198 1615; x_wconf 84' lang='lat' dir='ltr'>Et</span> <span class='ocrx_word' id='word_1_77' title='bbox 221 1551 364 1615; x_wconf 88' lang='lat' dir='ltr'>thalamo</span> <span class='ocrx_word' id='word_1_78' title='bbox 388 1550 501 1633; x_wconf 88' lang='lat' dir='ltr'>pulsus</span> <span class='ocrx_word' id='word_1_79' title='bbox 524 1548 663 1633; x_wconf 87' lang='lat' dir='ltr'>perdidit</span> <span class='ocrx_word' id='word_1_80' title='bbox 685 1548 868 1632; x_wconf 91' lang='lat' dir='ltr'>imperium:</span> 
     </span>
     <span class='ocr_line' id='line_1_16' title="bbox 109 1637 893 1720; baseline -0.004 -16"><span class='ocrx_word' id='word_1_81' title='bbox 109 1639 163 1705; x_wconf 81' lang='lat' dir='ltr'>Sic</span> <span class='ocrx_word' id='word_1_82' title='bbox 186 1639 310 1703; x_wconf 85' lang='lat' dir='ltr'>iuvenis</span> <span class='ocrx_word' id='word_1_83' title='bbox 332 1642 468 1703; x_wconf 87' lang='lat' dir='ltr'>nutante</span> <span class='ocrx_word' id='word_1_84' title='bbox 491 1638 553 1702; x_wconf 90' lang='lat' dir='ltr'>fide</span> <span class='ocrx_word' id='word_1_85' title='bbox 576 1637 739 1720; x_wconf 86' lang='lat' dir='ltr'>veterique</span> <span class='ocrx_word' id='word_1_86' title='bbox 762 1637 893 1702; x_wconf 90' lang='lat' dir='ltr'>reducta</span> 
     </span>
     <span class='ocr_line' id='line_1_17' title="bbox 153 1725 878 1808; baseline -0.001 -17"><span class='ocrx_word' id='word_1_87' title='bbox 153 1727 279 1792; x_wconf 85' lang='lat' dir='ltr'>Paelice</span> <span class='ocrx_word' id='word_1_88' title='bbox 303 1727 451 1791; x_wconf 89' lang='lat' dir='ltr'>defletam</span> <span class='ocrx_word' id='word_1_89' title='bbox 473 1726 593 1808; x_wconf 84' lang='lat' dir='ltr'>linquit</span> <span class='ocrx_word' id='word_1_90' title='bbox 616 1725 717 1790; x_wconf 86' lang='lat' dir='ltr'>amica</span> <span class='ocrx_word' id='word_1_91' title='bbox 741 1726 878 1790; x_wconf 91' lang='lat' dir='ltr'>domum.</span> 
     </span>
     <span class='ocr_line' id='line_1_18' title="bbox 111 1814 888 1900; baseline -0.001 -20"><span class='ocrx_word' id='word_1_92' title='bbox 111 1814 270 1880; x_wconf 79' lang='lat' dir='ltr'>Canitiem</span> <span class='ocrx_word' id='word_1_93' title='bbox 292 1837 398 1878; x_wconf 92' lang='lat' dir='ltr'>raram</span> <span class='ocrx_word' id='word_1_94' title='bbox 420 1816 512 1900; x_wconf 83' lang='lat' dir='ltr'>largo</span> <span class='ocrx_word' id='word_1_95' title='bbox 536 1815 601 1878; x_wconf 91' lang='lat' dir='ltr'>iam</span> <span class='ocrx_word' id='word_1_96' title='bbox 623 1814 755 1898; x_wconf 81' lang='lat' dir='ltr'>pulvere</span> <span class='ocrx_word' id='word_1_97' title='bbox 777 1818 888 1897; x_wconf 89' lang='lat' dir='ltr'>turpat</span> 
     </span>
     <span class='ocr_line' id='line_1_19' title="bbox 154 1902 880 1988; baseline -0.003 -20"><span class='ocrx_word' id='word_1_98' title='bbox 154 1904 199 1968; x_wconf 86' lang='lat' dir='ltr'>Et</span> <span class='ocrx_word' id='word_1_99' title='bbox 222 1903 363 1966; x_wconf 84' lang='lat' dir='ltr'>lacrimis</span> <span class='ocrx_word' id='word_1_100' title='bbox 386 1925 484 1988; x_wconf 84' lang='lat' dir='ltr'>rugas</span> <span class='ocrx_word' id='word_1_101' title='bbox 506 1902 620 1985; x_wconf 89' lang='lat' dir='ltr'>implet</span> <span class='ocrx_word' id='word_1_102' title='bbox 643 1902 726 1966; x_wconf 89' lang='lat' dir='ltr'>anile</span> <span class='ocrx_word' id='word_1_103' title='bbox 749 1925 880 1988; x_wconf 84' lang='lat' dir='ltr'>gemens</span> 
     </span>
     <span class='ocr_line' id='line_1_20' title="bbox 111 1990 982 2076; baseline -0.003 -18"><span class='ocrx_word' id='word_1_104' title='bbox 111 1991 369 2076; x_wconf 81' lang='lat' dir='ltr'>Suppliciterque</span> <span class='ocrx_word' id='word_1_105' title='bbox 391 1991 462 2075; x_wconf 88' lang='lat' dir='ltr'>pias</span> <span class='ocrx_word' id='word_1_106' title='bbox 485 1990 618 2054; x_wconf 88' lang='lat' dir='ltr'>humilis</span> <span class='ocrx_word' id='word_1_107' title='bbox 640 1995 824 2074; x_wconf 90' lang='lat' dir='ltr'>prostratus</span> <span class='ocrx_word' id='word_1_108' title='bbox 848 1993 888 2056; x_wconf 92' lang='lat' dir='ltr'>ad</span> <span class='ocrx_word' id='word_1_109' title='bbox 911 2015 982 2057; x_wconf 87' lang='lat' dir='ltr'>aras</span> 
     </span>
     <span class='ocr_line' id='line_1_21' title="bbox 155 2079 820 2165; baseline -0.002 -21"><span class='ocrx_word' id='word_1_110' title='bbox 155 2080 287 2165; x_wconf 85' lang='lat' dir='ltr'>Mitigat</span> <span class='ocrx_word' id='word_1_111' title='bbox 309 2079 409 2144; x_wconf 89' lang='lat' dir='ltr'>iratas</span> <span class='ocrx_word' id='word_1_112' title='bbox 431 2101 509 2143; x_wconf 87' lang='lat' dir='ltr'>voce</span> <span class='ocrx_word' id='word_1_113' title='bbox 532 2083 688 2143; x_wconf 89' lang='lat' dir='ltr'>tremente</span> <span class='ocrx_word' id='word_1_114' title='bbox 710 2101 820 2143; x_wconf 91' lang='lat' dir='ltr'>nurus.</span> 
     </span>
     <span class='ocr_line' id='line_1_22' title="bbox 110 2167 1000 2253; baseline 0 -19"><span class='ocrx_word' id='word_1_115' title='bbox 110 2168 275 2234; x_wconf 90' lang='lat' dir='ltr'>Innumeri</span> <span class='ocrx_word' id='word_1_116' title='bbox 297 2169 518 2253; x_wconf 84' lang='lat' dir='ltr'>glomerantur</span> <span class='ocrx_word' id='word_1_117' title='bbox 541 2168 587 2232; x_wconf 90' lang='lat' dir='ltr'>eri</span> <span class='ocrx_word' id='word_1_118' title='bbox 611 2167 674 2231; x_wconf 90' lang='lat' dir='ltr'>sibi</span> <span class='ocrx_word' id='word_1_119' title='bbox 697 2167 832 2251; x_wconf 90' lang='lat' dir='ltr'>quisque</span> <span class='ocrx_word' id='word_1_120' title='bbox 854 2173 1000 2252; x_wconf 86' lang='lat' dir='ltr'>petentes</span> 
     </span>
     <span class='ocr_line' id='line_1_23' title="bbox 156 2255 1124 2340; baseline 0.002 -20"><span class='ocrx_word' id='word_1_121' title='bbox 156 2256 353 2340; x_wconf 90' lang='lat' dir='ltr'>Mancipium</span> <span class='ocrx_word' id='word_1_122' title='bbox 377 2256 456 2320; x_wconf 86' lang='lat' dir='ltr'>solis</span> <span class='ocrx_word' id='word_1_123' title='bbox 478 2256 558 2321; x_wconf 88' lang='lat' dir='ltr'>utile</span> <span class='ocrx_word' id='word_1_124' title='bbox 583 2255 757 2340; x_wconf 87' lang='lat' dir='ltr'>suppliciis.</span> <span class='ocrx_word' id='word_1_125' title='bbox 1090 2275 1124 2322; x_wconf 83' lang='lat' dir='ltr'>ao</span> 
     </span>
     <span class='ocr_line' id='line_1_24' title="bbox 112 2345 1038 2431; baseline 0 -20"><span class='ocrx_word' id='word_1_126' title='bbox 112 2345 265 2423; x_wconf 78' lang='lat' dir='ltr'>Quamvis</span> <span class='ocrx_word' id='word_1_127' title='bbox 288 2345 401 2409; x_wconf 89' lang='lat' dir='ltr'>foedus</span> <span class='ocrx_word' id='word_1_128' title='bbox 424 2345 510 2409; x_wconf 90' lang='lat' dir='ltr'>enim</span> <span class='ocrx_word' id='word_1_129' title='bbox 532 2348 735 2427; x_wconf 90' lang='lat' dir='ltr'>mentemque</span> <span class='ocrx_word' id='word_1_130' title='bbox 759 2345 947 2411; x_wconf 87' lang='lat' dir='ltr'>obscaenior</span> <span class='ocrx_word' id='word_1_131' title='bbox 971 2368 1038 2431; x_wconf 81' lang='lat' dir='ltr'>ore,</span> 
     </span>
     <span class='ocr_line' id='line_1_25' title="bbox 155 2433 866 2520; baseline -0.001 -21"><span class='ocrx_word' id='word_1_132' title='bbox 155 2434 208 2499; x_wconf 91' lang='lat' dir='ltr'>Ira</span> <span class='ocrx_word' id='word_1_133' title='bbox 231 2435 309 2499; x_wconf 87' lang='lat' dir='ltr'>facit</span> <span class='ocrx_word' id='word_1_134' title='bbox 331 2433 484 2520; x_wconf 79' lang='lat' dir='ltr'>pretium3</span> <span class='ocrx_word' id='word_1_135' title='bbox 507 2455 611 2518; x_wconf 89' lang='lat' dir='ltr'>poena</span> <span class='ocrx_word' id='word_1_136' title='bbox 633 2436 773 2497; x_wconf 91' lang='lat' dir='ltr'>meretur</span> <span class='ocrx_word' id='word_1_137' title='bbox 796 2434 866 2498; x_wconf 90' lang='lat' dir='ltr'>emi.</span> 
     </span>
    </p>
   </div>
   <div class='ocr_carea' id='block_1_4' title="bbox 113 2610 1126 2786">
    <p class='ocr_par' dir='ltr' id='par_1_4' title="bbox 113 2610 1126 2786">
     <span class='ocr_line' id='line_1_26' title="bbox 113 2610 1126 2697; baseline -0.001 -22"><span class='ocrx_word' id='word_1_138' title='bbox 113 2610 209 2696; x_wconf 80' lang='lat' dir='ltr'>Quae,</span> <span class='ocrx_word' id='word_1_139' title='bbox 232 2613 341 2697; x_wconf 84' lang='lat' dir='ltr'>spado,</span> <span class='ocrx_word' id='word_1_140' title='bbox 363 2634 449 2677; x_wconf 92' lang='lat' dir='ltr'>nunc</span> <span class='ocrx_word' id='word_1_141' title='bbox 467 2616 570 2676; x_wconf 88' lang='lat' dir='ltr'>terras</span> <span class='ocrx_word' id='word_1_142' title='bbox 589 2615 645 2675; x_wconf 88' lang='lat' dir='ltr'>aut</span> <span class='ocrx_word' id='word_1_143' title='bbox 665 2632 759 2693; x_wconf 92' lang='lat' dir='ltr'>quem</span> <span class='ocrx_word' id='word_1_144' title='bbox 782 2610 936 2675; x_wconf 85' lang='lat' dir='ltr'>transibis</span> <span class='ocrx_word' id='word_1_145' title='bbox 955 2611 990 2675; x_wconf 90' lang='lat' dir='ltr'>in</span> <span class='ocrx_word' id='word_1_146' title='bbox 1012 2613 1126 2676; x_wconf 81' lang='lat' dir='ltr'>axem?</span> 
     </span>
     <span class='ocr_line' id='line_1_27' title="bbox 159 2699 895 2786; baseline 0 -24"><span class='ocrx_word' id='word_1_147' title='bbox 159 2699 305 2785; x_wconf 77' lang='lat' dir='ltr'>(lingeris</span> <span class='ocrx_word' id='word_1_148' title='bbox 328 2700 404 2764; x_wconf 90' lang='lat' dir='ltr'>hinc</span> <span class='ocrx_word' id='word_1_149' title='bbox 427 2700 523 2786; x_wconf 85' lang='lat' dir='ltr'>odiis,</span> <span class='ocrx_word' id='word_1_150' title='bbox 545 2700 619 2764; x_wconf 92' lang='lat' dir='ltr'>inde</span> <span class='ocrx_word' id='word_1_151' title='bbox 642 2699 774 2763; x_wconf 89' lang='lat' dir='ltr'>recessit</span> <span class='ocrx_word' id='word_1_152' title='bbox 797 2721 895 2763; x_wconf 93' lang='lat' dir='ltr'>amor.</span> 
     </span>
    </p>
   </div>
   <div class='ocr_carea' id='block_1_5' title="bbox 112 2787 1128 3317">
    <p class='ocr_par' dir='ltr' id='par_1_5' title="bbox 112 2787 1126 2962">
     <span class='ocr_line' id='line_1_28' title="bbox 112 2787 1126 2874; baseline 0 -23"><span class='ocrx_word' id='word_1_153' title='bbox 112 2787 259 2871; x_wconf 88' lang='lat' dir='ltr'>Vtraque</span> <span class='ocrx_word' id='word_1_154' title='bbox 281 2792 314 2852; x_wconf 92' lang='lat' dir='ltr'>te</span> <span class='ocrx_word' id='word_1_155' title='bbox 336 2788 465 2874; x_wconf 81' lang='lat' dir='ltr'>gemino</span> <span class='ocrx_word' id='word_1_156' title='bbox 489 2789 549 2852; x_wconf 89' lang='lat' dir='ltr'>sub</span> <span class='ocrx_word' id='word_1_157' title='bbox 574 2788 676 2852; x_wconf 89' lang='lat' dir='ltr'>sidere</span> <span class='ocrx_word' id='word_1_158' title='bbox 699 2787 788 2873; x_wconf 80' lang='lat' dir='ltr'>regia</span> <span class='ocrx_word' id='word_1_159' title='bbox 810 2787 953 2852; x_wconf 91' lang='lat' dir='ltr'>damnat:</span> <span class='ocrx_word' id='word_1_160' title='bbox 1093 2804 1126 2852; x_wconf 88' lang='lat'>35</span> 
     </span>
     <span class='ocr_line' id='line_1_29' title="bbox 158 2875 921 2962; baseline -0.001 -22"><span class='ocrx_word' id='word_1_161' title='bbox 158 2875 334 2961; x_wconf 84' lang='lat' dir='ltr'>Hesperius</span> <span class='ocrx_word' id='word_1_162' title='bbox 356 2899 546 2962; x_wconf 85' lang='lat' dir='ltr'>numquam,</span> <span class='ocrx_word' id='word_1_163' title='bbox 568 2877 633 2941; x_wconf 90' lang='lat' dir='ltr'>iam</span> <span class='ocrx_word' id='word_1_164' title='bbox 655 2897 714 2941; x_wconf 91' lang='lat' dir='ltr'>nec</span> <span class='ocrx_word' id='word_1_165' title='bbox 735 2875 826 2939; x_wconf 79' lang='lat' dir='ltr'>Eous</span> <span class='ocrx_word' id='word_1_166' title='bbox 850 2876 921 2940; x_wconf 88' lang='lat' dir='ltr'>eris.</span> 
     </span>
    </p>

    <p class='ocr_par' dir='ltr' id='par_1_6' title="bbox 112 2963 923 3137">
     <span class='ocr_line' id='line_1_30' title="bbox 112 2963 900 3049; baseline -0.001 -21"><span class='ocrx_word' id='word_1_167' title='bbox 112 2963 215 3028; x_wconf 92' lang='lat' dir='ltr'>Miror</span> <span class='ocrx_word' id='word_1_168' title='bbox 239 2986 309 3049; x_wconf 85' lang='lat' dir='ltr'>cur,</span> <span class='ocrx_word' id='word_1_169' title='bbox 332 2965 406 3028; x_wconf 91' lang='lat' dir='ltr'>aliis</span> <span class='ocrx_word' id='word_1_170' title='bbox 429 2966 484 3048; x_wconf 93' lang='lat' dir='ltr'>qui</span> <span class='ocrx_word' id='word_1_171' title='bbox 507 2966 645 3049; x_wconf 90' lang='lat' dir='ltr'>pandere</span> <span class='ocrx_word' id='word_1_172' title='bbox 668 2964 736 3028; x_wconf 86' lang='lat' dir='ltr'>fata</span> <span class='ocrx_word' id='word_1_173' title='bbox 760 2963 900 3049; x_wconf 82' lang='lat' dir='ltr'>solebas,</span> 
     </span>
     <span class='ocr_line' id='line_1_31' title="bbox 157 3051 923 3137; baseline 0.004 -22"><span class='ocrx_word' id='word_1_174' title='bbox 157 3052 209 3116; x_wconf 89' lang='lat' dir='ltr'>Ad</span> <span class='ocrx_word' id='word_1_175' title='bbox 231 3053 396 3137; x_wconf 89' lang='lat' dir='ltr'>propriam</span> <span class='ocrx_word' id='word_1_176' title='bbox 419 3054 541 3118; x_wconf 89' lang='lat' dir='ltr'>cladem</span> <span class='ocrx_word' id='word_1_177' title='bbox 564 3075 656 3118; x_wconf 86' lang='lat' dir='ltr'>caeca</span> <span class='ocrx_word' id='word_1_178' title='bbox 679 3051 805 3136; x_wconf 84' lang='lat' dir='ltr'>Sibylla</span> <span class='ocrx_word' id='word_1_179' title='bbox 827 3057 923 3118; x_wconf 81' lang='lat' dir='ltr'>taces</span> 
     </span>
    </p>

    <p class='ocr_par' dir='ltr' id='par_1_7' title="bbox 113 3140 1128 3317">
     <span class='ocr_line' id='line_1_32' title="bbox 113 3140 925 3228; baseline 0.002 -24"><span class='ocrx_word' id='word_1_180' title='bbox 113 3140 182 3205; x_wconf 90' lang='lat' dir='ltr'>lam</span> <span class='ocrx_word' id='word_1_181' title='bbox 205 3141 267 3206; x_wconf 93' lang='lat' dir='ltr'>tibi</span> <span class='ocrx_word' id='word_1_182' title='bbox 288 3142 379 3206; x_wconf 89' lang='lat' dir='ltr'>nulla</span> <span class='ocrx_word' id='word_1_183' title='bbox 401 3142 487 3207; x_wconf 85' lang='lat' dir='ltr'>videt</span> <span class='ocrx_word' id='word_1_184' title='bbox 510 3142 610 3206; x_wconf 85' lang='lat' dir='ltr'>fallax</span> <span class='ocrx_word' id='word_1_185' title='bbox 633 3141 793 3205; x_wconf 89' lang='lat' dir='ltr'>insomnia</span> <span class='ocrx_word' id='word_1_186' title='bbox 814 3141 925 3228; x_wconf 80' lang='lat' dir='ltr'>Nilus3</span> 
     </span>
     <span class='ocr_line' id='line_1_33' title="bbox 157 3229 1128 3317; baseline 0 -23"><span class='ocrx_word' id='word_1_187' title='bbox 157 3229 357 3316; x_wconf 82' lang='lat' dir='ltr'>Pervigilant</span> <span class='ocrx_word' id='word_1_188' title='bbox 379 3235 469 3296; x_wconf 82' lang='lat' dir='ltr'>vates</span> <span class='ocrx_word' id='word_1_189' title='bbox 493 3231 570 3317; x_wconf 83' lang='lat' dir='ltr'>iam,</span> <span class='ocrx_word' id='word_1_190' title='bbox 592 3229 784 3314; x_wconf 85' lang='lat' dir='ltr'>miserande,</span> <span class='ocrx_word' id='word_1_191' title='bbox 807 3230 864 3294; x_wconf 90' lang='lat' dir='ltr'>tui.</span> <span class='ocrx_word' id='word_1_192' title='bbox 1093 3247 1128 3315; x_wconf 76' lang='lat'>40</span> 
     </span>
    </p>
   </div>
   <div class='ocr_carea' id='block_1_6' title="bbox 112 3437 1129 3580">
    <p class='ocr_par' dir='ltr' id='par_1_8' title="bbox 112 3437 1129 3580">
     <span class='ocr_line' id='line_1_34' title="bbox 186 3437 1129 3511; baseline 0.004 -22"><span class='ocrx_word' id='word_1_193' title='bbox 186 3445 201 3488; x_wconf 83' lang='lat'>9</span> <span class='ocrx_word' id='word_1_194' title='bbox 221 3439 272 3492; x_wconf 84' lang='lat' dir='ltr'>[lle</span> <span class='ocrx_word' id='word_1_195' title='bbox 286 3439 369 3511; x_wconf 85' lang='lat' dir='ltr'>citas]</span> <span class='ocrx_word' id='word_1_196' title='bbox 388 3441 514 3509; x_wconf 47' lang='lat' dir='ltr'>Berraum</span> <span class='ocrx_word' id='word_1_197' title='bbox 526 3439 665 3508; x_wconf 85' lang='lat' dir='ltr'>Inlicitas,</span> <span class='ocrx_word' id='word_1_198' title='bbox 681 3439 810 3494; x_wconf 85' lang='lat' dir='ltr'>Illicitas.</span> <span class='ocrx_word' id='word_1_199' title='bbox 866 3445 899 3494; x_wconf 79' lang='lat'>32</span> <span class='ocrx_word' id='word_1_200' title='bbox 919 3437 1000 3508; x_wconf 83' lang='lat' dir='ltr'>facit]</span> <span class='ocrx_word' id='word_1_201' title='bbox 1014 3440 1129 3509; x_wconf 62' lang='grc'>11111111,-</span> 
     </span>
     <span class='ocr_line' id='line_1_35' title="bbox 112 3509 322 3580; baseline 0.005 -16"><span class='ocrx_word' id='word_1_202' title='bbox 112 3509 207 3580; x_wconf 84' lang='lat' dir='ltr'>dabit,</span> <span class='ocrx_word' id='word_1_203' title='bbox 227 3509 322 3565; x_wconf 87' lang='lat' dir='ltr'>dabat.</span> 
     </span>
    </p>
   </div>
   <div class='ocr_carea' id='block_1_7' title="bbox 0 0 1205 3870">
    <p class='ocr_par' dir='ltr' id='par_1_9' title="bbox 0 0 1205 3870">
     <span class='ocr_line' id='line_1_36' title="bbox 0 0 1205 3870; baseline 0 0"><span class='ocrx_word' id='word_1_204' title='bbox 0 0 1205 3870; x_wconf 95' lang='lat' dir='ltr'> </span> 
     </span>
    </p>
   </div>
  </div>
 </body>
</html>
