2392 3870
120 176 186 239 240
451 172 596 230 CLAVDH
615 172 817 228 emmam

119 336 247 402 Deserit
271 341 303 400 et
325 337 440 401 rutilas
464 335 602 400 declinat
624 335 659 398 in
682 334 793 399 oscula
817 335 953 402 cristas
1121 356 1149 405 ⁶0

188 425 277 502 Quae
299 425 374 511 tibi,
398 446 489 488 saeve
512 446 604 508 puer,
626 427 766 488 nonest
787 424 959 507 permissa
983 429 1149 511 potestas?

121 514 169 578 Tu
193 536 347 600 magnum
371 536 502 597 superas
526 513 650 576 fulmen
672 512 825 594 caeloque
849 514 977 578 relicto

121 601 290 666 Fluctibus
313 603 348 665 in
370 602 484 665 mediis
508 601 597 688 cogis
620 600 745 687 mugire
768 599 971 667 Tonantem.

122 688 191 753 Iam
214 690 336 775 gelidas
359 713 455 773 rupes
478 691 615 772 vivoque
639 687 780 753 carentia
803 710 907 754 sensu

121 777 267 842 Membra
289 779 380 863 feris,
403 780 466 842 iam
490 800 567 841 saxa
589 777 655 841 tuis
678 776 819 841 obnoxia
843 778 940 864 telis,
1120 802 1149 848 aa

122 866 167 930 Et
191 867 312 949 lapides
336 890 413 931 suus
437 867 532 931 ardor
554 866 636 952 agit,
659 865 842 948 ferrumque
865 869 1012 934 tenetur

122 953 310 1039 inlecebris3
334 956 438 1041 rigido
462 960 598 1041 regnant
620 955 656 1018 in
677 975 837 1017 marmore
860 955 1035 1024 flammae.

514 1147 599 1201 xxx.
618 1146 744 1216 (xxix.)
776 1198 786 1217 ,

469 1278 572 1336 LAVS
597 1277 789 1337 SERENAE.

189 1397 264 1480 Dic,
288 1418 358 1458 mea
383 1396 540 1480 Calliope,
563 1399 656 1460 tanto
680 1417 737 1459 cur
758 1399 906 1478 tempore
934 1398 1055 1466 differs

122 1485 231 1549 Pierio
252 1485 401 1548 meritam
424 1488 510 1567 serto
534 1484 682 1548 redimire
706 1482 880 1548 Serenam?

123 1573 197 1637 Vile
220 1578 316 1661 putas
340 1573 471 1657 donum,
496 1574 626 1636 solitam
649 1593 840 1658 consurgere
864 1577 1015 1658 gemmis

123 1661 168 1726 Et
191 1662 303 1725 Rubro
327 1661 451 1724 radiare
473 1662 554 1724 mari
578 1662 606 1724 si
628 1660 763 1725 floribus
787 1682 881 1724 ornes

123 1749 266 1835 Reginae
290 1750 401 1836 regina
425 1751 570 1813 comam?
594 1749 649 1813 sed
672 1748 807 1813 floribus
829 1748 913 1835 illis,
1140 1775 1154 1822 5

125 1836 212 1913 Quos
234 1860 338 1921 nequa
361 1839 537 1924 frigoribus
560 1838 681 1901 Boreas
703 1859 762 1900 nec
785 1835 890 1901 Sirius
912 1842 989 1905 urit

123 1927 292 2010 Aedibus,
316 1930 445 1989 aeterno
470 1927 524 1989 sed
547 1927 631 1990 veris
653 1927 775 1990 honore
798 1925 959 1992 rubentes

123 2014 210 2077 Fons
234 2013 423 2099 Aganippea
446 2015 644 2078 Permessius
668 2015 781 2079 educat
803 2012 902 2079 unda:

123 2100 217 2165 Vnde
239 2102 311 2183 piac
334 2107 510 2184 pascuntur
533 2126 608 2186 apes
632 2108 663 2167 et
686 2107 779 2186 prata
801 2101 952 2187 legentes

125 2189 363 2252 Transmittunt
388 2190 500 2252 saeclis
523 2190 692 2255 Heliconia
714 2190 811 2254 mella
833 2190 968 2258 suturis.
1128 2219 1158 2266 10

191 2278 330 2363 Dignius
354 2300 396 2341 an
418 2282 507 2341 vates
531 2279 612 2343 ahos
636 2279 776 2343 exercuit
799 2300 901 2342 unum

123 2365 292 2431 Femineae
316 2367 446 2431 virtutis
471 2368 575 2449 opus?
613 2367 705 2444 Quod
728 2370 842 2451 sponte
865 2367 1045 2456 redempto

126 2456 222 2520 Casta
245 2456 386 2521 maritali
409 2457 563 2519 successit
586 2456 740 2519 Thessala
762 2455 831 2519 fato

123 2545 225 2629 Inque
250 2568 325 2609 suos
349 2546 487 2631 migrare
510 2545 615 2607 virum
636 2566 703 2608 non
726 2543 840 2607 abnuit
863 2565 986 2631 annos,

124 2633 196 2697 Hoc
221 2633 297 2697 Grai
319 2637 506 2697 memorant.
547 2632 650 2696 Latiis
672 2636 780 2696 movet
804 2654 860 2696 ora
884 2631 1045 2703 Camenis
1127 2659 1158 2707 15

124 2720 273 2784 Praescia
295 2721 437 2785 fatorum
460 2721 618 2803 Tanaquil
640 2720 829 2803 rediensque
851 2742 908 2803 per
931 2724 1045 2790 undas

127 2807 249 2871 Cloelia
272 2808 455 2891 Thybrinas
478 2814 510 2873 et
533 2809 644 2873 eodem
666 2809 797 2873 flumine
821 2807 940 2872 ducens

128 2895 260 2959 Claudia
283 2897 428 2982 virgineo
452 2902 656 2961 cunctantem
679 2898 765 2961 crine
789 2895 950 2978 Cybeben

126 2983 219 3046 Anne
243 2984 330 3047 aliud
353 2990 424 3049 toto
448 2986 581 3049 molitur
605 2986 755 3050 carminis
779 2989 853 3048 actu

126 3071 266 3135 Maeonii
289 3096 379 3136 mens
403 3075 469 3136 alta
493 3075 600 3137 senis?
637 3073 730 3150 Quod
754 3078 868 3159 stagna
892 3071 1088 3160 Charybdis
1124 3100 1157 3148 ao

125 3158 287 3246 Armavit,
312 3163 398 3244 quod
422 3161 530 3244 Scylla
554 3184 660 3247 caum,
685 3162 771 3245 quod
793 3160 909 3245 pocula
935 3161 1048 3253 Circe,

126 3247 323 3330 Antiphatae
346 3250 449 3313 vitata
472 3252 572 3314 fames
597 3250 757 3333 surdoque
780 3250 888 3314 carina

125 3336 259 3420 Remige
284 3336 431 3401 Sirenum
455 3345 568 3402 cantus
591 3343 774 3403 transvecta
797 3342 938 3423 tenaces,

126 3424 261 3487 Lumine
284 3425 451 3489 fraudatus
477 3427 628 3512 Cyclops,
652 3431 835 3510 contempta
860 3424 1022 3510 Calypso:

125 3511 305 3595 Penelopae
329 3514 424 3577 decus
448 3519 497 3577 est
520 3520 616 3598 atque
639 3517 696 3579 uni
719 3520 811 3579 tanta
832 3517 968 3598 paratur
1121 3542 1157 3590 25

200 3792 215 3834 f
