2392 3870
79 169 134 239 (X.)
154 165 435 222 EPITHALAMIVM
452 167 500 220 DE
519 166 664 222 NVPTIIS
682 166 838 222 HONORII
852 166 1019 224 Avcvsri.
1049 167 1092 233 93

394 420 781 494 EPITHALAMIVM.

557 573 617 644 (K)

145 682 307 748 Hauserat
331 682 482 746 insolitos
504 682 683 766 promissae
705 683 843 770 virginis
867 683 959 769 ignes

79 771 248 858 Augustus
271 771 440 856 primoque
463 770 552 834 rudis
575 771 767 856 flagraverat
790 776 896 857 aestu,

78 859 148 925 Nec
169 882 273 925 novus
296 859 379 924 unde
403 859 491 923 calor
512 881 571 923 nec
594 859 672 942 quid
695 860 836 944 suspiria
858 859 991 945 vellent,

80 947 224 1013 Noverat
248 948 406 1031 incipiens
430 951 462 1011 et
485 948 589 1013 adhuc
611 947 744 1034 ignarus
767 947 904 1012 amandi.

79 1035 156 1103 Non
179 1037 230 1100 illi
252 1040 387 1101 venator
409 1057 524 1121 equus,
546 1058 614 1101 non
637 1036 761 1120 spicula
784 1059 893 1122 curae,
1077 1053 1093 1102 5

79 1123 156 1189 Non
179 1124 320 1189 iaculum
343 1129 494 1208 torquere
516 1124 612 1209 libet3
634 1147 724 1190 mens
748 1125 853 1190 omnis
877 1125 1004 1189 aberrat

79 1212 118 1277 ln
140 1214 271 1299 vulnus,
295 1212 382 1296 quod
404 1213 476 1277 fixit
499 1211 609 1277 Amor.
656 1213 759 1290 Quam
782 1235 876 1298 saepe
898 1212 1048 1278 medullis

80 1302 200 1386 Erupit
223 1303 376 1388 gemitusl
401 1301 551 1385 quotiens
574 1301 740 1366 incanduit
764 1323 818 1366 ore

81 1389 255 1455 Confessus
279 1393 401 1454 secreta
424 1391 524 1454 rubor
546 1412 727 1474 nomenque
750 1390 880 1455 beatum

79 1477 226 1542 Iniussae
249 1478 406 1561 scripsere
428 1480 558 1542 manus!
603 1476 673 1542 Iam
696 1501 828 1543 munera
850 1482 969 1562 nuptae
1061 1495 1094 1544 10

79 1566 254 1651 Praeparat
277 1571 309 1631 et
331 1566 498 1652 pulchros,
521 1566 643 1631 Mariae
667 1566 723 1630 sed
744 1567 816 1631 luce
838 1566 980 1631 minores

79 1654 185 1741 Eligit
210 1659 356 1740 ornatus,
380 1654 538 1738 quidquid
559 1655 753 1720 venerabilis
777 1655 857 1719 olim

79 1742 173 1807 Livia
196 1744 408 1826 divorumque
430 1765 530 1807 nurus
553 1766 681 1830 gessere
705 1745 869 1828 superbae.

79 1829 211 1895 11111111
235 1853 308 1915 spes
332 1852 428 1915 aegra
450 1853 557 1896 moras
580 1832 735 1919 longique
757 1832 908 1898 videntur

80 1919 174 1983 Stare
197 1919 265 1983 dies
289 1940 483 2005 segnemque
505 1925 610 1986 rotam
633 1943 699 1986 non
721 1923 848 1986 flectere
870 1920 1008 1985 Phoebe.
1061 1936 1093 1985 15

81 2007 195 2090 Scyria
218 2007 265 2071 sic
287 2012 434 2072 tenerum
456 2008 549 2096 virgo
573 2010 758 2075 flammabat
781 2010 943 2075 Achillem

79 2095 217 2159 Fraudis
241 2097 344 2161 adhuc
366 2119 479 2181 expers
502 2098 749 2183 bellatricesque
773 2099 907 2164 docebat

79 2184 204 2248 Ducere
227 2185 283 2248 fila
305 2208 419 2249 manus
442 2191 488 2272 et,
511 2208 587 2250 mox
611 2209 692 2271 quos
714 2188 842 2252 horruit
864 2186 934 2273 Ide,

80 2272 283 2338 Thessalicos
307 2296 400 2338 roseo
423 2275 573 2339 nectebat
595 2276 713 2360 pollice
737 2277 849 2341 crines.

146 2361 235 2426 Haec
245 2363 342 2426 etiam
357 2364 503 2446 queritur
517 2385 638 2429 secum:
657 2363 816 2440 <Quonam
826 2385 928 2446 usque
937 2363 1093 2427 verendus

82 2448 260 2515 cunctatur
282 2473 353 2515 mea
375 2456 451 2515 vota
475 2453 587 2516 socer?
611 2451 689 2535 quid
711 2453 843 2538 iungere
867 2450 987 2534 differt,
1059 2467 1092 2515 21

83 2536 186 2613 Quam
207 2539 347 2625 pepigit,
371 2543 539 2622 castasque
561 2562 672 2624 preces
696 2540 829 2623 implere
852 2537 1001 2602 recusat?

80 2624 158 2690 Non
180 2647 240 2713 ego
264 2626 424 2690 luxuriem
447 2649 560 2712 regum
578 2650 764 2710 moremque
788 2630 916 2691 secutus

80 2711 233 2789 Quaesivi
255 2714 381 2778 vultum
404 2714 570 2800 thalamis,
593 2720 630 2780 ut
652 2716 767 2779 nuntia
789 2715 912 2779 formae

79 2801 167 2866 Lena
189 2825 246 2887 per
269 2803 455 2866 innumeros
478 2803 540 2866 iret
562 2803 689 2888 pictura
712 2806 858 2887 penates,
1059 2819 1094 2870 25

79 2888 149 2954 Nec
171 2892 270 2954 variis
295 2890 428 2955 dubium
450 2891 603 2956 thalamis
626 2892 752 2957 laturus
775 2913 916 2956 amorem

80 2977 191 3042 Ardua
215 2979 362 3044 commisi
385 2980 486 3044 falsae
509 2981 648 3046 conubia
671 3002 768 3044 cerae.

79 3065 157 3131 Non
179 3068 270 3151 rapio
293 3090 445 3153 praeceps
468 3069 591 3134 alienae
614 3069 742 3134 foedera
765 3068 890 3153 taedae,

80 3153 143 3219 Sed
166 3178 247 3238 quae
271 3179 389 3240 sponsa
411 3157 493 3221 mihi
515 3158 640 3242 pridem
661 3157 829 3242 patrisque
852 3156 964 3221 relicta

79 3242 243 3308 Mandatis
266 3268 331 3309 uno
354 3247 492 3311 materni
516 3246 685 3333 sanguinis
709 3250 783 3310 ortu
1058 3260 1094 3310 30

82 3329 291 3396 Communem
314 3335 454 3417 partitur
477 3357 580 3399 avum.
625 3334 772 3399 Fastidia
797 3334 933 3419 supplex

79 3418 225 3503 Deposui
248 3423 398 3508 gessique
419 3445 567 3508 procum3
590 3422 628 3487 de
651 3423 762 3487 limine
785 3445 875 3488 sacro

81 3505 217 3573 Oratum
239 3511 314 3574 misi
337 3533 498 3597 proceres,
522 3511 579 3595 qui
600 3512 749 3596 proxima
770 3511 867 3576 nobis
