<?xml version="1.0" encoding="UTF-8"?>
<!DOCTYPE html PUBLIC "-//W3C//DTD XHTML 1.0 Transitional//EN"
    "http://www.w3.org/TR/xhtml1/DTD/xhtml1-transitional.dtd">
<html xmlns="http://www.w3.org/1999/xhtml" xml:lang="en" lang="en">
 <head>
  <title>
</title>
<meta http-equiv="Content-Type" content="text/html;charset=utf-8" />
  <meta name='ocr-system' content='tesseract 3.04.00' />
  <meta name='ocr-capabilities' content='ocr_page ocr_carea ocr_par ocr_line ocrx_word'/>
</head>
<body>
  <div class='ocr_page' id='page_1' title='image "./claudiiclaudian03claugoog_0237.png"; bbox 0 0 2392 3870; ppageno 0'>
   <div class='ocr_carea' id='block_1_1' title="bbox 134 180 825 246">
    <p class='ocr_par' dir='ltr' id='par_1_1' title="bbox 134 180 825 246">
     <span class='ocr_line' id='line_1_1' title="bbox 134 180 825 246; baseline -0.016 0"><span class='ocrx_word' id='word_1_1' title='bbox 134 182 197 246; x_wconf 84' lang='grc'>166</span> <span class='ocrx_word' id='word_1_2' title='bbox 459 180 607 236; x_wconf 82' lang='lat' dir='ltr'>CLAVDII</span> <span class='ocrx_word' id='word_1_3' title='bbox 624 180 825 236; x_wconf 80' lang='lat' dir='ltr'>CLAVDIANI</span> 
     </span>
    </p>
   </div>
   <div class='ocr_carea' id='block_1_2' title="bbox 57 342 1154 3615">
    <p class='ocr_par' dir='ltr' id='par_1_2' title="bbox 131 342 1154 429">
     <span class='ocr_line' id='line_1_2' title="bbox 131 342 1154 429; baseline 0.006 -21"><span class='ocrx_word' id='word_1_4' title='bbox 131 343 204 429; x_wconf 86' lang='lat' dir='ltr'>Ipse</span> <span class='ocrx_word' id='word_1_5' title='bbox 228 342 311 407; x_wconf 90' lang='lat' dir='ltr'>albis</span> <span class='ocrx_word' id='word_1_6' title='bbox 333 343 504 408; x_wconf 81' lang='lat' dir='ltr'>veheretur</span> <span class='ocrx_word' id='word_1_7' title='bbox 525 345 616 428; x_wconf 87' lang='lat' dir='ltr'>equis</span> <span class='ocrx_word' id='word_1_8' title='bbox 640 365 831 427; x_wconf 88' lang='lat' dir='ltr'>currumque</span> <span class='ocrx_word' id='word_1_9' title='bbox 855 347 985 408; x_wconf 88' lang='lat' dir='ltr'>secutus</span> <span class='ocrx_word' id='word_1_10' title='bbox 1120 365 1154 414; x_wconf 78' lang='lat'>20</span> 
     </span>
    </p>

    <p class='ocr_par' dir='ltr' id='par_1_3' title="bbox 131 432 943 517">
     <span class='ocr_line' id='line_1_3' title="bbox 131 432 943 517; baseline 0 -20"><span class='ocrx_word' id='word_1_11' title='bbox 131 433 343 517; x_wconf 85' lang='lat' dir='ltr'>Laurigerum</span> <span class='ocrx_word' id='word_1_12' title='bbox 365 432 449 496; x_wconf 88' lang='lat' dir='ltr'>festo</span> <span class='ocrx_word' id='word_1_13' title='bbox 473 433 656 497; x_wconf 90' lang='lat' dir='ltr'>fremuisset</span> <span class='ocrx_word' id='word_1_14' title='bbox 680 433 819 497; x_wconf 78' lang='lat' dir='ltr'>carmine</span> <span class='ocrx_word' id='word_1_15' title='bbox 842 433 943 497; x_wconf 83' lang='lat' dir='ltr'>miles</span> 
     </span>
    </p>

    <p class='ocr_par' dir='ltr' id='par_1_4' title="bbox 131 521 977 608">
     <span class='ocr_line' id='line_1_4' title="bbox 131 521 977 608; baseline 0.002 -24"><span class='ocrx_word' id='word_1_16' title='bbox 131 521 176 584; x_wconf 91' lang='lat' dir='ltr'>Hi</span> <span class='ocrx_word' id='word_1_17' title='bbox 200 521 339 585; x_wconf 90' lang='lat' dir='ltr'>famulos</span> <span class='ocrx_word' id='word_1_18' title='bbox 362 521 527 586; x_wconf 78' lang='lat' dir='ltr'><strong>traherent</strong></span> <span class='ocrx_word' id='word_1_19' title='bbox 550 543 655 608; x_wconf 81' lang='lat' dir='ltr'>reges3</span> <span class='ocrx_word' id='word_1_20' title='bbox 678 521 713 585; x_wconf 95' lang='lat' dir='ltr'>hi</span> <span class='ocrx_word' id='word_1_21' title='bbox 736 522 822 585; x_wconf 91' lang='lat' dir='ltr'>facta</span> <span class='ocrx_word' id='word_1_22' title='bbox 844 521 977 586; x_wconf 90' lang='lat' dir='ltr'>metallo</span> 
     </span>
    </p>

    <p class='ocr_par' dir='ltr' id='par_1_5' title="bbox 131 608 1002 694">
     <span class='ocr_line' id='line_1_5' title="bbox 131 608 1002 694; baseline 0 -20"><span class='ocrx_word' id='word_1_23' title='bbox 131 608 258 693; x_wconf 90' lang='lat' dir='ltr'>Oppida</span> <span class='ocrx_word' id='word_1_24' title='bbox 280 609 332 674; x_wconf 85' lang='lat' dir='ltr'>vel</span> <span class='ocrx_word' id='word_1_25' title='bbox 354 613 480 675; x_wconf 90' lang='lat' dir='ltr'>montes</span> <span class='ocrx_word' id='word_1_26' title='bbox 504 611 693 694; x_wconf 83' lang='lat' dir='ltr'>captivaque</span> <span class='ocrx_word' id='word_1_27' title='bbox 716 610 849 674; x_wconf 91' lang='lat' dir='ltr'>flumina</span> <span class='ocrx_word' id='word_1_28' title='bbox 872 610 1002 674; x_wconf 91' lang='lat' dir='ltr'>ferrent.</span> 
     </span>
    </p>

    <p class='ocr_par' dir='ltr' id='par_1_6' title="bbox 130 697 982 786">
     <span class='ocr_line' id='line_1_6' title="bbox 130 697 982 786; baseline 0.001 -25"><span class='ocrx_word' id='word_1_29' title='bbox 130 697 217 762; x_wconf 87' lang='lat' dir='ltr'>Hine</span> <span class='ocrx_word' id='word_1_30' title='bbox 238 697 353 782; x_wconf 85' lang='lat' dir='ltr'>Libyci</span> <span class='ocrx_word' id='word_1_31' title='bbox 376 699 488 763; x_wconf 88' lang='lat' dir='ltr'>fractis</span> <span class='ocrx_word' id='word_1_32' title='bbox 512 699 660 786; x_wconf 83' lang='lat' dir='ltr'>lugerent</span> <span class='ocrx_word' id='word_1_33' title='bbox 683 699 835 763; x_wconf 87' lang='lat' dir='ltr'>comibus</span> <span class='ocrx_word' id='word_1_34' title='bbox 859 721 982 785; x_wconf 82' lang='lat' dir='ltr'>amnes3</span> 
     </span>
    </p>

    <p class='ocr_par' dir='ltr' id='par_1_7' title="bbox 130 785 1152 874">
     <span class='ocr_line' id='line_1_7' title="bbox 130 785 1152 874; baseline 0.006 -24"><span class='ocrx_word' id='word_1_35' title='bbox 130 785 209 851; x_wconf 91' lang='lat' dir='ltr'>Inde</span> <span class='ocrx_word' id='word_1_36' title='bbox 233 789 380 851; x_wconf 83' lang='lat' dir='ltr'>catenato</span> <span class='ocrx_word' id='word_1_37' title='bbox 404 791 545 874; x_wconf 77' lang='lat' dir='ltr'>gemeret</span> <span class='ocrx_word' id='word_1_38' title='bbox 569 786 740 852; x_wconf 79' lang='lat' dir='ltr'>Germania</span> <span class='ocrx_word' id='word_1_39' title='bbox 762 786 885 851; x_wconf 85' lang='lat' dir='ltr'>Rheno.</span> <span class='ocrx_word' id='word_1_40' title='bbox 1118 807 1152 856; x_wconf 80' lang='lat'>25</span> 
     </span>
    </p>

    <p class='ocr_par' dir='ltr' id='par_1_8' title="bbox 131 874 946 960">
     <span class='ocr_line' id='line_1_8' title="bbox 131 874 946 960; baseline -0.001 -20"><span class='ocrx_word' id='word_1_41' title='bbox 131 874 195 940; x_wconf 83' lang='lat' dir='ltr'>Sed</span> <span class='ocrx_word' id='word_1_42' title='bbox 217 895 284 938; x_wconf 93' lang='lat' dir='ltr'>non</span> <span class='ocrx_word' id='word_1_43' title='bbox 306 875 485 939; x_wconf 90' lang='lat' dir='ltr'>inmodicus</span> <span class='ocrx_word' id='word_1_44' title='bbox 507 876 631 960; x_wconf 92' lang='lat' dir='ltr'>proprii</span> <span class='ocrx_word' id='word_1_45' title='bbox 653 876 791 940; x_wconf 91' lang='lat' dir='ltr'>iactator</span> <span class='ocrx_word' id='word_1_46' title='bbox 813 875 946 940; x_wconf 90' lang='lat' dir='ltr'>honoris</span> 
     </span>
    </p>

    <p class='ocr_par' dir='ltr' id='par_1_9' title="bbox 132 961 1063 1048">
     <span class='ocr_line' id='line_1_9' title="bbox 132 961 1063 1048; baseline 0.002 -21"><span class='ocrx_word' id='word_1_47' title='bbox 132 962 268 1047; x_wconf 81' lang='lat' dir='ltr'>Consul,</span> <span class='ocrx_word' id='word_1_48' title='bbox 290 961 407 1047; x_wconf 85' lang='lat' dir='ltr'>Roma,</span> <span class='ocrx_word' id='word_1_49' title='bbox 430 968 515 1028; x_wconf 79' lang='lat' dir='ltr'>tuus</span> <span class='ocrx_word' id='word_1_50' title='bbox 551 963 629 1029; x_wconf 91' lang='lat' dir='ltr'>Non</span> <span class='ocrx_word' id='word_1_51' title='bbox 650 964 744 1028; x_wconf 92' lang='lat' dir='ltr'>illum</span> <span class='ocrx_word' id='word_1_52' title='bbox 766 965 908 1048; x_wconf 91' lang='lat' dir='ltr'>praemia</span> <span class='ocrx_word' id='word_1_53' title='bbox 931 967 1063 1029; x_wconf 88' lang='lat' dir='ltr'>tantum</span> 
     </span>
    </p>

    <p class='ocr_par' dir='ltr' id='par_1_10' title="bbox 132 1049 1030 1138">
     <span class='ocr_line' id='line_1_10' title="bbox 132 1049 1030 1138; baseline 0.003 -25"><span class='ocrx_word' id='word_1_54' title='bbox 132 1049 235 1126; x_wconf 86' lang='lat' dir='ltr'>Quam</span> <span class='ocrx_word' id='word_1_55' title='bbox 258 1049 351 1114; x_wconf 92' lang='lat' dir='ltr'>labor</span> <span class='ocrx_word' id='word_1_56' title='bbox 373 1052 442 1135; x_wconf 90' lang='lat' dir='ltr'>ipse</span> <span class='ocrx_word' id='word_1_57' title='bbox 465 1052 567 1138; x_wconf 83' lang='lat' dir='ltr'>iuvat3</span> <span class='ocrx_word' id='word_1_58' title='bbox 592 1053 745 1137; x_wconf 91' lang='lat' dir='ltr'>strepitus</span> <span class='ocrx_word' id='word_1_59' title='bbox 769 1052 893 1116; x_wconf 80' lang='lat' dir='ltr'>fastidit</span> <span class='ocrx_word' id='word_1_60' title='bbox 916 1053 1030 1117; x_wconf 89' lang='lat' dir='ltr'>inanes</span> 
     </span>
    </p>

    <p class='ocr_par' dir='ltr' id='par_1_11' title="bbox 130 1137 1152 1297">
     <span class='ocr_line' id='line_1_11' title="bbox 130 1137 1071 1225; baseline 0.002 -21"><span class='ocrx_word' id='word_1_61' title='bbox 130 1137 233 1223; x_wconf 89' lang='lat' dir='ltr'>Inque</span> <span class='ocrx_word' id='word_1_62' title='bbox 256 1138 371 1204; x_wconf 90' lang='lat' dir='ltr'>animis</span> <span class='ocrx_word' id='word_1_63' title='bbox 394 1139 562 1205; x_wconf 92' lang='lat' dir='ltr'>hominum</span> <span class='ocrx_word' id='word_1_64' title='bbox 584 1163 703 1225; x_wconf 88' lang='lat' dir='ltr'>pompa</span> <span class='ocrx_word' id='word_1_65' title='bbox 725 1141 857 1205; x_wconf 90' lang='lat' dir='ltr'>meliore</span> <span class='ocrx_word' id='word_1_66' title='bbox 880 1140 1071 1225; x_wconf 88' lang='lat' dir='ltr'>triumphat.</span> 
     </span>
     <span class='ocr_line' id='line_1_12' title="bbox 196 1226 1152 1297; baseline 0.006 -6"><span class='ocrx_word' id='word_1_67' title='bbox 196 1226 274 1291; x_wconf 91' lang='lat' dir='ltr'>Non</span> <span class='ocrx_word' id='word_1_68' title='bbox 296 1228 396 1292; x_wconf 92' lang='lat' dir='ltr'>alium</span> <span class='ocrx_word' id='word_1_69' title='bbox 419 1232 504 1293; x_wconf 88' lang='lat' dir='ltr'>certe</span> <span class='ocrx_word' id='word_1_70' title='bbox 526 1228 690 1293; x_wconf 85' lang='lat' dir='ltr'>Romanae</span> <span class='ocrx_word' id='word_1_71' title='bbox 714 1229 831 1294; x_wconf 88' lang='lat' dir='ltr'>elarius</span> <span class='ocrx_word' id='word_1_72' title='bbox 855 1251 944 1293; x_wconf 86' lang='lat' dir='ltr'>arces</span> <span class='ocrx_word' id='word_1_73' title='bbox 1116 1249 1152 1297; x_wconf 87' lang='lat'>30</span> 
     </span>
    </p>

    <p class='ocr_par' dir='ltr' id='par_1_12' title="bbox 131 1316 927 1402">
     <span class='ocr_line' id='line_1_13' title="bbox 131 1316 927 1402; baseline 0 -21"><span class='ocrx_word' id='word_1_74' title='bbox 131 1316 306 1400; x_wconf 84' lang='lat' dir='ltr'>Suscepere</span> <span class='ocrx_word' id='word_1_75' title='bbox 330 1317 456 1402; x_wconf 78' lang='lat' dir='ltr'>ducem,</span> <span class='ocrx_word' id='word_1_76' title='bbox 478 1339 537 1381; x_wconf 91' lang='grc'>111</span> <span class='ocrx_word' id='word_1_77' title='bbox 561 1338 634 1381; x_wconf 87' lang='lat' dir='ltr'>cum</span> <span class='ocrx_word' id='word_1_78' title='bbox 657 1317 787 1381; x_wconf 79' lang='lat' dir='ltr'>cedente</span> <span class='ocrx_word' id='word_1_79' title='bbox 810 1317 927 1382; x_wconf 90' lang='lat' dir='ltr'>rediret</span> 
     </span>
    </p>

    <p class='ocr_par' dir='ltr' id='par_1_13' title="bbox 130 1404 928 1490">
     <span class='ocr_line' id='line_1_14' title="bbox 130 1404 928 1490; baseline 0.004 -22"><span class='ocrx_word' id='word_1_80' title='bbox 130 1404 298 1469; x_wconf 86' lang='lat' dir='ltr'>Fabricius</span> <span class='ocrx_word' id='word_1_81' title='bbox 320 1404 447 1489; x_wconf 83' lang='lat' dir='ltr'>Pyrrho</span> <span class='ocrx_word' id='word_1_82' title='bbox 470 1427 528 1470; x_wconf 88' lang='lat' dir='ltr'>neo</span> <span class='ocrx_word' id='word_1_83' title='bbox 552 1428 624 1470; x_wconf 92' lang='lat' dir='ltr'>cum</span> <span class='ocrx_word' id='word_1_84' title='bbox 649 1405 809 1490; x_wconf 76' lang='lat' dir='ltr'>Capitolia</span> <span class='ocrx_word' id='word_1_85' title='bbox 832 1427 928 1470; x_wconf 89' lang='lat' dir='ltr'>curru</span> 
     </span>
    </p>

    <p class='ocr_par' dir='ltr' id='par_1_14' title="bbox 131 1493 969 1560">
     <span class='ocr_line' id='line_1_15' title="bbox 131 1493 969 1560; baseline 0.001 -2"><span class='ocrx_word' id='word_1_86' title='bbox 131 1493 277 1558; x_wconf 86' lang='lat' dir='ltr'>Pellaeae</span> <span class='ocrx_word' id='word_1_87' title='bbox 301 1493 441 1558; x_wconf 89' lang='lat' dir='ltr'>domitor</span> <span class='ocrx_word' id='word_1_88' title='bbox 462 1494 596 1560; x_wconf 84' lang='lat' dir='ltr'>Paullus</span> <span class='ocrx_word' id='word_1_89' title='bbox 620 1495 846 1558; x_wconf 89' lang='lat' dir='ltr'>conscenderet</span> <span class='ocrx_word' id='word_1_90' title='bbox 869 1495 969 1559; x_wconf 85' lang='lat' dir='ltr'>aulae.</span> 
     </span>
    </p>

    <p class='ocr_par' dir='ltr' id='par_1_15' title="bbox 130 1581 907 1669">
     <span class='ocr_line' id='line_1_16' title="bbox 130 1581 907 1669; baseline -0.001 -23"><span class='ocrx_word' id='word_1_91' title='bbox 130 1581 199 1646; x_wconf 88' lang='lat' dir='ltr'>Nec</span> <span class='ocrx_word' id='word_1_92' title='bbox 223 1581 337 1646; x_wconf 86' lang='lat' dir='ltr'>similis</span> <span class='ocrx_word' id='word_1_93' title='bbox 360 1583 470 1646; x_wconf 88' lang='lat' dir='ltr'>Latias</span> <span class='ocrx_word' id='word_1_94' title='bbox 493 1583 645 1666; x_wconf 83' lang='lat' dir='ltr'>patefecit</span> <span class='ocrx_word' id='word_1_95' title='bbox 668 1582 773 1669; x_wconf 82' lang='lat' dir='ltr'>gloria</span> <span class='ocrx_word' id='word_1_96' title='bbox 795 1585 907 1666; x_wconf 90' lang='lat' dir='ltr'>portas</span> 
     </span>
    </p>

    <p class='ocr_par' dir='ltr' id='par_1_16' title="bbox 129 1669 1153 1756">
     <span class='ocr_line' id='line_1_17' title="bbox 129 1669 1153 1756; baseline 0.003 -21"><span class='ocrx_word' id='word_1_97' title='bbox 129 1670 211 1735; x_wconf 84' lang='lat' dir='ltr'>Post</span> <span class='ocrx_word' id='word_1_98' title='bbox 233 1669 392 1736; x_wconf 87' lang='lat' dir='ltr'>Numidas</span> <span class='ocrx_word' id='word_1_99' title='bbox 414 1671 533 1756; x_wconf 81' lang='lat' dir='ltr'>Mario,</span> <span class='ocrx_word' id='word_1_100' title='bbox 555 1674 632 1755; x_wconf 89' lang='lat' dir='ltr'>post</span> <span class='ocrx_word' id='word_1_101' title='bbox 655 1671 788 1735; x_wconf 88' lang='lat' dir='ltr'>classica</span> <span class='ocrx_word' id='word_1_102' title='bbox 811 1670 926 1734; x_wconf 88' lang='lat' dir='ltr'>Martis</span> <span class='ocrx_word' id='word_1_103' title='bbox 948 1669 1013 1734; x_wconf 84' lang='lat' dir='ltr'>Eoi</span> <span class='ocrx_word' id='word_1_104' title='bbox 1117 1690 1153 1738; x_wconf 81' lang='grc'>31</span> 
     </span>
    </p>

    <p class='ocr_par' dir='ltr' id='par_1_17' title="bbox 130 1758 982 1843">
     <span class='ocr_line' id='line_1_18' title="bbox 130 1758 982 1843; baseline 0.002 -23"><span class='ocrx_word' id='word_1_105' title='bbox 130 1759 293 1842; x_wconf 91' lang='lat' dir='ltr'>Pompeio.</span> <span class='ocrx_word' id='word_1_106' title='bbox 329 1758 422 1823; x_wconf 90' lang='lat' dir='ltr'>Nulli</span> <span class='ocrx_word' id='word_1_107' title='bbox 445 1781 520 1842; x_wconf 86' lang='lat' dir='ltr'>pars</span> <span class='ocrx_word' id='word_1_108' title='bbox 543 1759 669 1823; x_wconf 88' lang='lat' dir='ltr'>aemula</span> <span class='ocrx_word' id='word_1_109' title='bbox 692 1758 794 1822; x_wconf 92' lang='lat' dir='ltr'>defuit</span> <span class='ocrx_word' id='word_1_110' title='bbox 816 1780 982 1843; x_wconf 83' lang='lat' dir='ltr'>umquam,</span> 
     </span>
    </p>

    <p class='ocr_par' dir='ltr' id='par_1_18' title="bbox 132 1845 1107 1935">
     <span class='ocr_line' id='line_1_19' title="bbox 132 1845 1107 1935; baseline 0.003 -27"><span class='ocrx_word' id='word_1_111' title='bbox 132 1845 220 1922; x_wconf 86' lang='lat' dir='ltr'>Quae</span> <span class='ocrx_word' id='word_1_112' title='bbox 243 1847 351 1932; x_wconf 83' lang='lat' dir='ltr'>gravis</span> <span class='ocrx_word' id='word_1_113' title='bbox 375 1848 574 1930; x_wconf 84' lang='lat' dir='ltr'>obstreperet</span> <span class='ocrx_word' id='word_1_114' title='bbox 597 1847 698 1933; x_wconf 81' lang='lat' dir='ltr'>laudi,</span> <span class='ocrx_word' id='word_1_115' title='bbox 722 1846 925 1930; x_wconf 91' lang='lat' dir='ltr'>stimulisque</span> <span class='ocrx_word' id='word_1_116' title='bbox 948 1847 1107 1935; x_wconf 80' lang='lat' dir='ltr'>malignis</span> 
     </span>
    </p>

    <p class='ocr_par' dir='ltr' id='par_1_19' title="bbox 129 1933 902 2022">
     <span class='ocr_line' id='line_1_20' title="bbox 129 1933 902 2022; baseline 0.001 -25"><span class='ocrx_word' id='word_1_117' title='bbox 129 1933 230 1998; x_wconf 88' lang='lat' dir='ltr'>Facta</span> <span class='ocrx_word' id='word_1_118' title='bbox 254 1936 447 2017; x_wconf 89' lang='lat' dir='ltr'>sequebatur</span> <span class='ocrx_word' id='word_1_119' title='bbox 470 1936 616 2018; x_wconf 87' lang='lat' dir='ltr'>quamvis</span> <span class='ocrx_word' id='word_1_120' title='bbox 639 1935 784 2022; x_wconf 78' lang='lat' dir='ltr'>ingentia</span> <span class='ocrx_word' id='word_1_121' title='bbox 806 1935 902 2000; x_wconf 82' lang='lat' dir='ltr'>livor:</span> 
     </span>
    </p>

    <p class='ocr_par' dir='ltr' id='par_1_20' title="bbox 131 2022 865 2107">
     <span class='ocr_line' id='line_1_21' title="bbox 131 2022 865 2107; baseline 0.001 -20"><span class='ocrx_word' id='word_1_122' title='bbox 131 2022 228 2087; x_wconf 82' lang='lat' dir='ltr'>Solus</span> <span class='ocrx_word' id='word_1_123' title='bbox 251 2023 304 2085; x_wconf 91' lang='lat' dir='ltr'>hic</span> <span class='ocrx_word' id='word_1_124' title='bbox 326 2024 464 2087; x_wconf 87' lang='lat' dir='ltr'>invidiae</span> <span class='ocrx_word' id='word_1_125' title='bbox 487 2025 568 2088; x_wconf 89' lang='lat' dir='ltr'>fines</span> <span class='ocrx_word' id='word_1_126' title='bbox 590 2025 710 2088; x_wconf 88' lang='lat' dir='ltr'>virtute</span> <span class='ocrx_word' id='word_1_127' title='bbox 733 2024 865 2107; x_wconf 85' lang='lat' dir='ltr'>reliquit</span> 
     </span>
    </p>

    <p class='ocr_par' dir='ltr' id='par_1_21' title="bbox 130 2111 1152 2198">
     <span class='ocr_line' id='line_1_22' title="bbox 130 2111 1152 2198; baseline 0.007 -24"><span class='ocrx_word' id='word_1_128' title='bbox 130 2111 381 2193; x_wconf 89' lang='lat' dir='ltr'>Humanumque</span> <span class='ocrx_word' id='word_1_129' title='bbox 404 2112 542 2176; x_wconf 90' lang='lat' dir='ltr'>modum.</span> <span class='ocrx_word' id='word_1_130' title='bbox 581 2111 660 2188; x_wconf 87' lang='lat' dir='ltr'>Quis</span> <span class='ocrx_word' id='word_1_131' title='bbox 683 2113 768 2177; x_wconf 91' lang='lat' dir='ltr'>enim</span> <span class='ocrx_word' id='word_1_132' title='bbox 787 2112 938 2176; x_wconf 87' lang='lat' dir='ltr'>livescere</span> <span class='ocrx_word' id='word_1_133' title='bbox 956 2113 1077 2198; x_wconf 82' lang='lat' dir='ltr'>possit,</span> <span class='ocrx_word' id='word_1_134' title='bbox 1116 2133 1152 2181; x_wconf 86' lang='lat'>40</span> 
     </span>
    </p>

    <p class='ocr_par' dir='ltr' id='par_1_22' title="bbox 133 2199 1123 2285">
     <span class='ocr_line' id='line_1_23' title="bbox 133 2199 1123 2285; baseline 0.003 -23"><span class='ocrx_word' id='word_1_135' title='bbox 133 2199 225 2275; x_wconf 81' lang='lat' dir='ltr'>Quod</span> <span class='ocrx_word' id='word_1_136' title='bbox 247 2221 423 2282; x_wconf 91' lang='lat' dir='ltr'>numquam</span> <span class='ocrx_word' id='word_1_137' title='bbox 446 2205 577 2282; x_wconf 92' lang='lat' dir='ltr'>pereant</span> <span class='ocrx_word' id='word_1_138' title='bbox 602 2201 736 2265; x_wconf 85' lang='lat' dir='ltr'>stellae?</span> <span class='ocrx_word' id='word_1_139' title='bbox 760 2201 846 2285; x_wconf 92' lang='lat' dir='ltr'>quod</span> <span class='ocrx_word' id='word_1_140' title='bbox 868 2199 1014 2285; x_wconf 89' lang='lat' dir='ltr'>Iuppiter</span> <span class='ocrx_word' id='word_1_141' title='bbox 1039 2202 1123 2267; x_wconf 93' lang='lat' dir='ltr'>olim</span> 
     </span>
    </p>

    <p class='ocr_par' dir='ltr' id='par_1_23' title="bbox 130 2287 1057 2371">
     <span class='ocr_line' id='line_1_24' title="bbox 130 2287 1057 2371; baseline 0.003 -20"><span class='ocrx_word' id='word_1_142' title='bbox 130 2287 300 2352; x_wconf 89' lang='lat' dir='ltr'>Possideat</span> <span class='ocrx_word' id='word_1_143' title='bbox 323 2287 468 2352; x_wconf 83' lang='lat' dir='ltr'>caelum?</span> <span class='ocrx_word' id='word_1_144' title='bbox 492 2288 579 2371; x_wconf 93' lang='lat' dir='ltr'>quod</span> <span class='ocrx_word' id='word_1_145' title='bbox 601 2289 727 2354; x_wconf 86' lang='lat' dir='ltr'>noverit</span> <span class='ocrx_word' id='word_1_146' title='bbox 751 2290 859 2354; x_wconf 89' lang='lat' dir='ltr'>omnia</span> <span class='ocrx_word' id='word_1_147' title='bbox 880 2288 1057 2354; x_wconf 81' lang='lat' dir='ltr'>Phoebus?</span> 
     </span>
    </p>

    <p class='ocr_par' dir='ltr' id='par_1_24' title="bbox 130 2376 1038 2463">
     <span class='ocr_line' id='line_1_25' title="bbox 130 2376 1038 2463; baseline 0 -23"><span class='ocrx_word' id='word_1_148' title='bbox 130 2377 192 2441; x_wconf 83' lang='lat' dir='ltr'>Est</span> <span class='ocrx_word' id='word_1_149' title='bbox 216 2377 348 2461; x_wconf 92' lang='lat' dir='ltr'>aliquod</span> <span class='ocrx_word' id='word_1_150' title='bbox 370 2376 477 2441; x_wconf 90' lang='lat' dir='ltr'>meriti</span> <span class='ocrx_word' id='word_1_151' title='bbox 500 2378 654 2463; x_wconf 84' lang='lat' dir='ltr'>spatium,</span> <span class='ocrx_word' id='word_1_152' title='bbox 678 2378 764 2461; x_wconf 92' lang='lat' dir='ltr'>quod</span> <span class='ocrx_word' id='word_1_153' title='bbox 786 2378 877 2443; x_wconf 88' lang='lat' dir='ltr'>nulla</span> <span class='ocrx_word' id='word_1_154' title='bbox 899 2377 1038 2442; x_wconf 90' lang='lat' dir='ltr'>furentis</span> 
     </span>
    </p>

    <p class='ocr_par' dir='ltr' id='par_1_25' title="bbox 129 2465 886 2550">
     <span class='ocr_line' id='line_1_26' title="bbox 129 2465 886 2550; baseline 0.001 -20"><span class='ocrx_word' id='word_1_155' title='bbox 129 2465 273 2531; x_wconf 86' lang='lat' dir='ltr'>Invidiae</span> <span class='ocrx_word' id='word_1_156' title='bbox 295 2488 445 2530; x_wconf 86' lang='lat' dir='ltr'>mensura</span> <span class='ocrx_word' id='word_1_157' title='bbox 468 2467 562 2550; x_wconf 91' lang='lat' dir='ltr'>capit.</span> <span class='ocrx_word' id='word_1_158' title='bbox 598 2467 797 2531; x_wconf 86' lang='lat' dir='ltr'>Ductoribus</span> <span class='ocrx_word' id='word_1_159' title='bbox 820 2467 886 2532; x_wconf 91' lang='lat' dir='ltr'>illis</span> 
     </span>
    </p>

    <p class='ocr_par' dir='ltr' id='par_1_26' title="bbox 129 2555 1152 2639">
     <span class='ocr_line' id='line_1_27' title="bbox 129 2555 1152 2639; baseline 0.003 -19"><span class='ocrx_word' id='word_1_160' title='bbox 129 2556 300 2620; x_wconf 89' lang='lat' dir='ltr'>Praeterea</span> <span class='ocrx_word' id='word_1_161' title='bbox 323 2555 468 2619; x_wconf 85' lang='lat' dir='ltr'>diversus</span> <span class='ocrx_word' id='word_1_162' title='bbox 491 2559 559 2619; x_wconf 91' lang='lat' dir='ltr'>erat</span> <span class='ocrx_word' id='word_1_163' title='bbox 582 2555 686 2619; x_wconf 88' lang='lat' dir='ltr'>favor:</span> <span class='ocrx_word' id='word_1_164' title='bbox 709 2556 842 2639; x_wconf 91' lang='lat' dir='ltr'>aequior</span> <span class='ocrx_word' id='word_1_165' title='bbox 863 2555 919 2619; x_wconf 92' lang='lat' dir='ltr'>ille</span> <span class='ocrx_word' id='word_1_166' title='bbox 1115 2574 1152 2623; x_wconf 80' lang='grc'>41</span> 
     </span>
    </p>

    <p class='ocr_par' dir='ltr' id='par_1_27' title="bbox 57 2643 859 2728">
     <span class='ocr_line' id='line_1_28' title="bbox 57 2643 859 2728; baseline 0.002 -22"><span class='ocrx_word' id='word_1_167' title='bbox 57 2720 60 2725; x_wconf 86' lang='lat'>.</span> <span class='ocrx_word' id='word_1_168' title='bbox 130 2643 283 2708; x_wconf 86' lang='lat' dir='ltr'>Patribus</span> <span class='ocrx_word' id='word_1_169' title='bbox 306 2645 430 2709; x_wconf 85' lang='lat' dir='ltr'>invisus</span> <span class='ocrx_word' id='word_1_170' title='bbox 452 2644 554 2728; x_wconf 79' lang='lat' dir='ltr'>plebi3</span> <span class='ocrx_word' id='word_1_171' title='bbox 576 2643 787 2728; x_wconf 87' lang='lat' dir='ltr'>popularibus</span> <span class='ocrx_word' id='word_1_172' title='bbox 809 2643 859 2708; x_wconf 93' lang='lat' dir='ltr'>illi</span> 
     </span>
    </p>

    <p class='ocr_par' dir='ltr' id='par_1_28' title="bbox 131 2730 885 2819">
     <span class='ocr_line' id='line_1_29' title="bbox 131 2730 885 2819; baseline 0.001 -25"><span class='ocrx_word' id='word_1_173' title='bbox 131 2730 259 2795; x_wconf 91' lang='lat' dir='ltr'>Munito</span> <span class='ocrx_word' id='word_1_174' title='bbox 283 2733 398 2796; x_wconf 91' lang='lat' dir='ltr'>studiis</span> <span class='ocrx_word' id='word_1_175' title='bbox 421 2732 597 2819; x_wconf 85' lang='lat' dir='ltr'>languebat</span> <span class='ocrx_word' id='word_1_176' title='bbox 620 2732 725 2818; x_wconf 83' lang='lat' dir='ltr'>gratia</span> <span class='ocrx_word' id='word_1_177' title='bbox 747 2736 885 2816; x_wconf 90' lang='lat' dir='ltr'>patrum.</span> 
     </span>
    </p>

    <p class='ocr_par' dir='ltr' id='par_1_29' title="bbox 132 2818 895 2885">
     <span class='ocr_line' id='line_1_30' title="bbox 132 2818 895 2885; baseline 0.004 -3"><span class='ocrx_word' id='word_1_178' title='bbox 132 2818 245 2882; x_wconf 89' lang='lat' dir='ltr'>Omnis</span> <span class='ocrx_word' id='word_1_179' title='bbox 267 2820 303 2883; x_wconf 92' lang='lat' dir='ltr'>in</span> <span class='ocrx_word' id='word_1_180' title='bbox 324 2820 386 2884; x_wconf 93' lang='lat' dir='ltr'>boc</span> <span class='ocrx_word' id='word_1_181' title='bbox 408 2842 473 2885; x_wconf 90' lang='lat' dir='ltr'>uno</span> <span class='ocrx_word' id='word_1_182' title='bbox 496 2821 594 2885; x_wconf 87' lang='lat' dir='ltr'>variis</span> <span class='ocrx_word' id='word_1_183' title='bbox 618 2821 776 2885; x_wconf 88' lang='lat' dir='ltr'>discordia</span> <span class='ocrx_word' id='word_1_184' title='bbox 799 2821 895 2885; x_wconf 90' lang='lat' dir='ltr'>cessit</span> 
     </span>
    </p>

    <p class='ocr_par' dir='ltr' id='par_1_30' title="bbox 132 2905 966 2993">
     <span class='ocr_line' id='line_1_31' title="bbox 132 2905 966 2993; baseline 0.002 -23"><span class='ocrx_word' id='word_1_185' title='bbox 132 2905 320 2993; x_wconf 76' lang='lat' dir='ltr'>Ordinibus3</span> <span class='ocrx_word' id='word_1_186' title='bbox 342 2909 483 2973; x_wconf 89' lang='lat' dir='ltr'>laetatur</span> <span class='ocrx_word' id='word_1_187' title='bbox 505 2931 602 2992; x_wconf 90' lang='lat' dir='ltr'>eques</span> <span class='ocrx_word' id='word_1_188' title='bbox 624 2908 813 2993; x_wconf 90' lang='lat' dir='ltr'>plauditque</span> <span class='ocrx_word' id='word_1_189' title='bbox 836 2912 966 2973; x_wconf 88' lang='lat' dir='ltr'>senator</span> 
     </span>
    </p>

    <p class='ocr_par' dir='ltr' id='par_1_31' title="bbox 130 2994 1152 3170">
     <span class='ocr_line' id='line_1_32' title="bbox 130 2994 1152 3081; baseline 0.008 -23"><span class='ocrx_word' id='word_1_190' title='bbox 130 2994 280 3078; x_wconf 91' lang='lat' dir='ltr'>Votaque</span> <span class='ocrx_word' id='word_1_191' title='bbox 302 2997 438 3080; x_wconf 87' lang='lat' dir='ltr'>patricio</span> <span class='ocrx_word' id='word_1_192' title='bbox 462 3000 586 3062; x_wconf 91' lang='lat' dir='ltr'>certant</span> <span class='ocrx_word' id='word_1_193' title='bbox 608 2997 734 3081; x_wconf 91' lang='lat' dir='ltr'>plebeia</span> <span class='ocrx_word' id='word_1_194' title='bbox 756 2997 867 3062; x_wconf 86' lang='lat' dir='ltr'>favori.</span> <span class='ocrx_word' id='word_1_195' title='bbox 1114 3015 1152 3066; x_wconf 81' lang='lat'>50</span> 
     </span>
     <span class='ocr_line' id='line_1_33' title="bbox 199 3082 1041 3170; baseline 0.004 -23"><span class='ocrx_word' id='word_1_196' title='bbox 199 3082 225 3147; x_wconf 92' lang='grc' dir='ltr'>Ο</span> <span class='ocrx_word' id='word_1_197' title='bbox 249 3084 327 3148; x_wconf 85' lang='lat' dir='ltr'>felix</span> <span class='ocrx_word' id='word_1_198' title='bbox 351 3089 476 3150; x_wconf 89' lang='lat' dir='ltr'>servata</span> <span class='ocrx_word' id='word_1_199' title='bbox 499 3089 593 3150; x_wconf 86' lang='lat' dir='ltr'>vocat</span> <span class='ocrx_word' id='word_1_200' title='bbox 617 3108 713 3169; x_wconf 90' lang='lat' dir='ltr'>quem</span> <span class='ocrx_word' id='word_1_201' title='bbox 734 3084 839 3150; x_wconf 85' lang='lat' dir='ltr'>Roma</span> <span class='ocrx_word' id='word_1_202' title='bbox 861 3087 1041 3170; x_wconf 80' lang='lat' dir='ltr'>parentem!</span> 
     </span>
    </p>

    <p class='ocr_par' dir='ltr' id='par_1_32' title="bbox 130 3171 970 3259">
     <span class='ocr_line' id='line_1_34' title="bbox 130 3171 970 3259; baseline 0.001 -22"><span class='ocrx_word' id='word_1_203' title='bbox 130 3171 158 3237; x_wconf 91' lang='lat'>0</span> <span class='ocrx_word' id='word_1_204' title='bbox 182 3172 293 3236; x_wconf 89' lang='lat' dir='ltr'>mundi</span> <span class='ocrx_word' id='word_1_205' title='bbox 317 3175 494 3238; x_wconf 89' lang='lat' dir='ltr'>communis</span> <span class='ocrx_word' id='word_1_206' title='bbox 522 3196 625 3259; x_wconf 82' lang='lat' dir='ltr'>amor,</span> <span class='ocrx_word' id='word_1_207' title='bbox 649 3175 700 3238; x_wconf 86' lang='lat' dir='ltr'>cui</span> <span class='ocrx_word' id='word_1_208' title='bbox 722 3175 842 3238; x_wconf 89' lang='lat' dir='ltr'>militat</span> <span class='ocrx_word' id='word_1_209' title='bbox 866 3174 970 3239; x_wconf 90' lang='lat' dir='ltr'>omnis</span> 
     </span>
    </p>

    <p class='ocr_par' dir='ltr' id='par_1_33' title="bbox 132 3260 984 3349">
     <span class='ocr_line' id='line_1_35' title="bbox 132 3260 984 3349; baseline 0.005 -26"><span class='ocrx_word' id='word_1_210' title='bbox 132 3260 250 3346; x_wconf 81' lang='lat' dir='ltr'>Gallia,</span> <span class='ocrx_word' id='word_1_211' title='bbox 274 3284 369 3345; x_wconf 91' lang='lat' dir='ltr'>quem</span> <span class='ocrx_word' id='word_1_212' title='bbox 392 3285 505 3349; x_wconf 87' lang='lat' dir='ltr'>regum</span> <span class='ocrx_word' id='word_1_213' title='bbox 527 3262 679 3326; x_wconf 90' lang='lat' dir='ltr'>thalamis</span> <span class='ocrx_word' id='word_1_214' title='bbox 702 3262 860 3347; x_wconf 89' lang='lat' dir='ltr'>Hispania</span> <span class='ocrx_word' id='word_1_215' title='bbox 882 3263 984 3327; x_wconf 89' lang='lat' dir='ltr'>nectit</span> 
     </span>
    </p>

    <p class='ocr_par' dir='ltr' id='par_1_34' title="bbox 132 3348 933 3434">
     <span class='ocr_line' id='line_1_36' title="bbox 132 3348 933 3434; baseline 0.004 -22"><span class='ocrx_word' id='word_1_216' title='bbox 132 3348 231 3413; x_wconf 82' lang='lat' dir='ltr'>Cuius</span> <span class='ocrx_word' id='word_1_217' title='bbox 254 3353 286 3414; x_wconf 90' lang='grc'>11</span> <span class='ocrx_word' id='word_1_218' title='bbox 309 3351 481 3415; x_wconf 86' lang='lat' dir='ltr'>adventum</span> <span class='ocrx_word' id='word_1_219' title='bbox 505 3351 625 3415; x_wconf 89' lang='lat' dir='ltr'>crebris</span> <span class='ocrx_word' id='word_1_220' title='bbox 647 3352 768 3434; x_wconf 91' lang='lat' dir='ltr'>petiere</span> <span class='ocrx_word' id='word_1_221' title='bbox 791 3350 933 3427; x_wconf 84' lang='lat' dir='ltr'>Quirites</span> 
     </span>
    </p>

    <p class='ocr_par' dir='ltr' id='par_1_35' title="bbox 129 3436 1150 3525">
     <span class='ocr_line' id='line_1_37' title="bbox 129 3436 1150 3525; baseline 0.008 -24"><span class='ocrx_word' id='word_1_222' title='bbox 129 3436 275 3502; x_wconf 84' lang='lat' dir='ltr'>Vocibus</span> <span class='ocrx_word' id='word_1_223' title='bbox 298 3442 330 3503; x_wconf 90' lang='lat' dir='ltr'>et</span> <span class='ocrx_word' id='word_1_224' title='bbox 353 3460 470 3525; x_wconf 81' lang='lat' dir='ltr'>genero</span> <span class='ocrx_word' id='word_1_225' title='bbox 494 3440 611 3504; x_wconf 90' lang='lat' dir='ltr'>meruit</span> <span class='ocrx_word' id='word_1_226' title='bbox 634 3443 818 3523; x_wconf 89' lang='lat' dir='ltr'>praestante</span> <span class='ocrx_word' id='word_1_227' title='bbox 843 3441 987 3505; x_wconf 82' lang='lat' dir='ltr'>senatus!</span> <span class='ocrx_word' id='word_1_228' title='bbox 1113 3458 1150 3509; x_wconf 79' lang='grc'>11</span> 
     </span>
    </p>

    <p class='ocr_par' dir='ltr' id='par_1_36' title="bbox 129 3525 1031 3615">
     <span class='ocr_line' id='line_1_38' title="bbox 129 3525 1031 3615; baseline 0 -22"><span class='ocrx_word' id='word_1_229' title='bbox 129 3525 208 3593; x_wconf 89' lang='grc' dir='ltr'>Ν11</span> <span class='ocrx_word' id='word_1_230' title='bbox 230 3528 277 3592; x_wconf 86' lang='lat' dir='ltr'>sic</span> <span class='ocrx_word' id='word_1_231' title='bbox 299 3527 480 3615; x_wconf 79' lang='lat' dir='ltr'>virginibus</span> <span class='ocrx_word' id='word_1_232' title='bbox 503 3530 613 3615; x_wconf 81' lang='lat' dir='ltr'>flores,</span> <span class='ocrx_word' id='word_1_233' title='bbox 635 3550 703 3593; x_wconf 90' lang='lat' dir='ltr'>non</span> <span class='ocrx_word' id='word_1_234' title='bbox 724 3528 874 3614; x_wconf 81' lang='lat' dir='ltr'>frugibus</span> <span class='ocrx_word' id='word_1_235' title='bbox 897 3528 1031 3614; x_wconf 84' lang='lat' dir='ltr'>imbres,</span> 
     </span>
    </p>
   </div>
   <div class='ocr_carea' id='block_1_3' title="bbox 0 0 1200 3870">
    <p class='ocr_par' dir='ltr' id='par_1_37' title="bbox 0 0 1200 3870">
     <span class='ocr_line' id='line_1_39' title="bbox 0 0 1200 3870; baseline 0 0"><span class='ocrx_word' id='word_1_236' title='bbox 0 0 1200 3870; x_wconf 95' lang='lat' dir='ltr'> </span> 
     </span>
    </p>
   </div>
  </div>
 </body>
</html>
