2392 3870
463 845 798 918 PANEGYRIOVS

126 987 190 1060 DE
211 985 361 1060 SEXTO
384 985 668 1060 CONSVLATV
691 985 893 1060 HONORII
913 985 1152 1065 AVGVSTL

516 1163 752 1227 PRAEFATIO.

561 1298 699 1369 (xxvn.)

129 1406 257 1493 Omnia,
281 1430 362 1491 quae
386 1429 482 1471 sensu
505 1406 680 1471 volumtur
702 1411 779 1470 vota
802 1407 927 1493 diurno,

171 1497 305 1561 Pectore
329 1496 435 1580 sopito
459 1495 563 1559 reddit
587 1495 689 1559 amica
713 1495 812 1577 quies.

126 1583 272 1650 Venator
295 1585 419 1649 defessa
442 1589 514 1648 toro
539 1606 612 1648 cum
634 1583 778 1648 membra
801 1583 938 1669 reponit,

172 1673 264 1737 Mens
287 1678 396 1737 tamen
419 1674 459 1736 ad
482 1671 581 1736 silvas
604 1676 637 1736 et
659 1693 717 1735 sua
740 1672 844 1736 lustra
866 1672 958 1736 redit.

127 1759 293 1825 Iudicibus
316 1761 400 1847 lites,
423 1761 554 1848 aurigae
578 1760 703 1826 somnia
726 1782 838 1824 currus
1139 1785 1155 1834 5

60 1911 62 1914 Α
171 1847 328 1932 Vanaque
349 1850 518 1914 nocturnis
540 1854 626 1914 meta
649 1854 780 1913 cavetur
802 1849 901 1932 equis.

88 1969 89 1974 1
127 1937 229 2000 Furto
253 1938 371 2022 gaudet
395 1960 514 2024 amans,
536 1942 699 2021 permutat
720 1937 832 2001 navita
854 1959 976 2002 merces

172 2025 218 2089 Et
240 2025 322 2110 vigil
344 2024 469 2108 elapsas
493 2027 619 2109 quaerit
642 2048 757 2090 avarus
781 2048 867 2111 opes,

127 2112 315 2196 Blandaque
338 2113 478 2198 largitur
500 2115 621 2177 frustra
645 2114 831 2179 sitientibus
854 2115 959 2201 aegris

172 2201 324 2288 inriguus
348 2201 455 2288 gelido
478 2203 595 2286 pocula
617 2203 707 2267 fonte
730 2224 835 2286 sopor.
1121 2227 1156 2276 10

28 2415 32 2421 ·
128 2378 181 2445 Me
205 2402 332 2464 quoque
355 2380 522 2443 Musarum
546 2380 689 2444 studium
712 2379 773 2443 sub
796 2385 890 2445 nocte
913 2380 1024 2445 silenti

173 2468 309 2534 Artibus
334 2468 476 2533 adsuetis
500 2469 676 2533 sollicitare
700 2468 790 2532 solet.

127 2557 277 2641 Namque
299 2557 367 2640 poli
390 2557 495 2621 media
518 2557 680 2621 stellantis
703 2556 738 2620 in
761 2579 833 2621 arce
855 2556 987 2621 videbar

173 2645 259 2709 Ante
281 2646 378 2728 pedes
402 2645 519 2709 summi
542 2645 684 2709 carmina
706 2644 790 2709 ferre
812 2643 912 2731 Iovia,

127 2733 237 2816 thue
260 2733 347 2796 favet
370 2755 511 2818 somnus,
532 2733 730 2816 plaudebant
752 2733 886 2798 numina
909 2733 1005 2798 dictis
1118 2755 1153 2804 15

172 2821 217 2885 Et
241 2820 426 2885 circumfusi
450 2843 540 2885 sacra
563 2844 681 2886 corona
705 2821 802 2885 chori.

105 2945 107 2949 ν
128 2908 310 2974 Enceladus
333 2910 414 2974 mihi
438 2932 566 2974 carmen
588 2914 657 2974 erat
678 2910 848 2993 victusque
870 2910 1062 2994 Typhoeus:

173 2997 237 3062 Hic
261 2997 349 3061 subit
371 2997 543 3083 lnarimen,
565 2998 651 3063 hunc
674 2997 911 3084 gravis‘Aetna
935 2998 1055 3064 domat.

130 3086 233 3163 Quam
255 3086 377 3150 laetum
398 3091 474 3171 post
496 3086 582 3150 bella
604 3086 715 3151 Iovem
738 3091 921 3171 susceperat
944 3088 1057 3152 aether

173 3175 369 3259 Phlegraeae
391 3175 531 3238 referens
554 3175 697 3258 praemia
719 3175 871 3239 militiae!
1115 3197 1152 3246 20

129 3351 271 3416 Additur
293 3372 364 3415 ecce
386 3350 465 3413 fides
487 3372 546 3414 nec
568 3374 619 3415 me
641 3374 712 3416 mea
734 3351 814 3416 lusit
836 3351 954 3438 imago,

174 3438 278 3504 Inrita
299 3461 358 3505 nec
380 3438 499 3502 falsum
523 3440 648 3504 somnia
670 3440 759 3505 misit
782 3441 870 3504 ebur.
