2392 3870
132 131 175 194 26
463 129 610 184 CLAVDII
630 128 830 185 CLAVDIANI

133 291 319 376 Amplexus.
364 291 550 375 Numquam
572 296 683 359 tantae
705 291 830 359 dicione
852 293 913 357 sub
936 317 1002 359 una

135 381 318 447 Convenere
340 402 455 445 manus
477 402 537 444 nec
558 384 610 446 tot
633 380 817 447 discrimina
839 402 967 448 vocum:

132 470 228 536 Illinc
249 468 421 533 Armeniae
442 468 579 533 vibratis
592 468 744 555 crinibus
767 469 837 533 alae

133 558 277 624 Herbida
300 557 453 624 collectae
476 557 564 622 facili
586 557 745 623 velamina
767 557 867 643 nod03

133 647 211 713 Inde
234 650 341 711 truces
363 647 448 711 flavo
471 646 667 711 comitantur
689 646 808 710 vertice
831 645 927 733 Galli,
1100 668 1151 716 110

134 736 222 814 Quos
244 734 422 800 Rhodanus
444 734 553 819 velox,
574 733 687 799 Araris
711 756 793 819 quos
815 734 939 801 tardior
961 737 1065 802 ambit

134 825 179 890 Et
202 846 284 909 quos
306 828 474 889 nascentes
502 823 649 907 explorat
671 823 802 910 gurgite
825 823 958 890 Rhenus

135 912 287 996 Quosque
310 911 395 998 rigat
418 915 505 976 retro
528 912 689 995 pernicior
710 911 797 976 unda
821 910 1001 1000 Ganmnae,

135 1000 254 1067 Oceani
275 1000 371 1083 pleno
395 999 545 1083 quotiens
567 999 746 1084 impellitur
767 1003 868 1066 aestu.

134 1091 227 1155 Mens
250 1088 359 1153 eadem
383 1089 507 1154 cunctis
530 1087 693 1173 animique
715 1089 856 1154 recentia
877 1095 1004 1174 ponunt
1100 1111 1150 1158 115

134 1178 292 1263 Vulnera3
314 1199 381 1241 non
405 1176 473 1242 odit
495 1177 601 1242 victus
623 1177 766 1243 victorve
789 1179 943 1263 superbit.

135 1268 180 1333 Et
203 1266 351 1351 quamvis
373 1287 524 1350 praesens
547 1269 656 1331 tumor
679 1270 710 1330 et
734 1265 843 1332 civilia
864 1289 966 1351 nuper

135 1355 277 1421 Classica
299 1354 515 1438 bellatrixque
537 1354 721 1420 etiamnunc
742 1354 791 1419 ira
814 1355 941 1441 caleret,

133 1444 173 1509 ln
195 1444 286 1508 ducis
309 1443 418 1508 eximii
442 1443 665 1527 conspiravere
686 1444 838 1510 favorem.

133 1533 230 1598 Haud
252 1533 347 1597 aliter
368 1531 498 1596 Xerxen
519 1535 590 1597 toto
615 1531 713 1597 simul
735 1532 813 1597 orbe
837 1537 965 1598 secutus
1100 1553 1151 1602 120

133 1621 294 1688 Narratur
316 1620 461 1704 rapuisse
483 1642 584 1707 vagos
607 1620 766 1685 exercitus
790 1643 899 1689 amnes

133 1711 179 1775 Et
201 1709 276 1774 telis
299 1710 466 1774 umbrasse
490 1708 587 1794 diem,
610 1731 683 1775 cum
706 1709 865 1774 classibus
887 1710 949 1775 iret
1124 1788 1127 1794 Ι

134 1798 197 1862 Ρο1
220 1796 371 1880 scopulos
394 1802 579 1882 tectumque
601 1798 698 1881 pedes
721 1802 939 1863 contemneret
963 1821 1093 1885 aequor.

201 1884 266 1949 Vix
289 1882 390 1968 Alpes
413 1907 561 1971 egressus
584 1889 654 1951 erat
674 1908 735 1956 nec
755 1886 820 1951 iam
843 1887 983 1970 amplius
1007 1893 1095 1955 errat

134 1975 298 2039 Barbarus
321 1973 557 2058 adventumque
578 1974 696 2040 timens
720 1996 754 2039 se
777 1974 866 2061 cogit
888 1975 923 2040 in
945 1999 1045 2042 unam
1101 1995 1150 2044 125

134 2062 308 2128 Planitiem
330 2065 467 2146 tutoque
489 2062 626 2128 includit
648 2084 768 2148 pascua
790 2085 886 2150 gyro:

135 2152 218 2216 Tum
242 2150 361 2233 duplici
383 2152 473 2216 fossa
494 2173 562 2215 non
583 2151 788 2237 exuperabile
810 2151 932 2217 vallum

135 2240 275 2324 Asperat
298 2239 431 2304 alternis
455 2239 589 2304 sudibus
611 2239 760 2324 murique
781 2240 888 2307 locata

135 2327 175 2393 In
197 2328 336 2412 speciem
359 2328 460 2392 caesis
484 2327 631 2397 obtendit
653 2329 799 2412 plaustra
820 2328 973 2394 iuvencis.

202 2417 247 2481 At
269 2416 383 2502 procul
406 2416 562 2502 exanguis
584 2416 740 2482 Rufinum
760 2416 899 2501 perculit
921 2418 1052 2506 horror;
1102 2438 1152 2490 rao

135 2505 277 2572 Infectae
299 2506 424 2590 pallore
447 2526 561 2592 genae3
584 2504 676 2570 stetit
700 2526 754 2569 ore
777 2506 886 2591 gelato

136 2594 282 2660 Incertus
305 2598 470 2678 peteretne
492 2592 613 2679 fugam,
635 2593 803 2659 veniamne
826 2594 982 2659 subactus

136 2683 287 2748 Posceret
310 2704 352 2747 an
374 2683 457 2746 fidos
480 2703 550 2746 sese
572 2683 762 2747 transferret
784 2681 820 2747 in
841 2682 961 2747 hostes.

138 2770 222 2848 Quid
243 2791 330 2834 nunc
353 2770 494 2856 divitiae,
517 2770 596 2855 quid
617 2770 698 2834 fulvi
721 2774 814 2835 vasta
835 2770 960 2836 metalli

138 2857 327 2946 (temperies,
350 2857 429 2942 quid
450 2858 621 2943 purpureis
644 2858 756 2923 effulta
779 2858 938 2926 columnis
1101 2878 1151 2927 135

136 2947 231 3012 Atria
253 2946 438 3030 prolataeve
460 2946 573 3012 iuvant
596 2947 637 3011 ad
660 2946 765 3011 sidera
786 2947 911 3012 moles?

136 3034 238 3101 Audit
262 3035 325 3098 iter
345 3039 557 3119 numeratque
581 3035 649 3099 dies
672 3035 843 3120 spatioque
864 3036 992 3101 viarunn

136 3123 272 3189 Metitur
294 3122 404 3188 vitam.
449 3121 633 3207 Torquetur
654 3144 733 3207 pace
754 3124 865 3188 futura

135 3212 206 3279 Nec
226 3211 342 3296 recipit
365 3233 495 3276 somnos
518 3215 551 3276 et
574 3232 669 3295 saepe
691 3211 854 3276 cubilibus
877 3234 987 3277 amens

135 3300 312 3366 Excutitur
334 3321 534 3383 poenamque
557 3299 619 3364 luit
642 3299 815 3365 formidine
836 3322 967 3385 poenae.
1102 3319 1151 3367 140

137 3388 200 3453 Sed
222 3388 305 3453 redit
327 3387 363 3453 in
384 3387 500 3452 faciem
522 3388 742 3472 scelerumque
763 3389 893 3454 inmane
914 3388 1052 3454 resumit

136 3476 307 3566 Ingenium
330 3498 501 3560 sacrasque
523 3478 610 3542 fores
632 3476 821 3560 praedivitis
845 3477 937 3543 aulae
