2392 3870
76 144 188 215 (XVII.)
206 144 290 200 ΡΑΝ,
308 143 438 198 DICTVS
458 143 600 198 MANLIO
619 142 818 199 THEODORO
833 144 997 201 CONSVLI.
1025 147 1087 211 131

76 306 212 370 Mitibus
235 305 389 390 arbitriis,
412 310 569 389 quantum
592 307 733 370 bellante
755 307 908 392 Philippo

75 394 204 459 Floruit
227 399 283 458 aut
305 395 391 480 nigri
415 395 528 458 cecidit
552 416 624 459 cum
647 395 736 481 regia
758 395 843 461 Pori.

143 483 205 547 Sed
227 505 293 548 non
315 483 451 547 ulterius
474 487 507 547 te
529 484 679 567 praebuit
701 484 838 549 urbibus
861 487 947 550 aula:

75 572 192 636 Maluit
215 594 284 636 esse
307 594 414 657 suum,
436 572 532 636 terris
556 571 659 636 edicta
682 572 825 659 daturus,

75 660 282 745 supplicibus
305 682 460 744 responsa
482 661 580 724 venis.
627 659 765 726 Oracula
788 663 874 750 regis
1053 680 1087 730 55

74 750 215 833 Eloquio
240 771 365 814 crevere
387 753 455 835 tuo,
477 771 537 813 nec
560 749 689 835 dignius
711 772 865 834 umquam

74 838 227 902 Maiestas
250 839 396 902 meminit
420 860 489 902 sese
511 838 657 902 Romana
680 839 830 904 locutam.

73 926 159 990 Hinc
183 949 291 992 sacrae
314 927 509 991 mandantur
532 949 609 1010 opes
634 928 785 1011 orbisque
808 928 931 992 tributa

72 1015 229 1101 Possessi,
252 1015 409 1099 quidquid
430 1015 537 1079 fluviis
561 1016 721 1079 evolvitur
743 1017 822 1102 auri,

74 1104 235 1187 Quidquid
258 1106 328 1168 luce
351 1104 466 1189 procul
487 1126 585 1168 venas
608 1104 724 1168 rimata
748 1127 899 1187 sequaces
1051 1125 1086 1173 40

73 1192 194 1256 Abdita
216 1193 369 1277 pallentis
392 1193 475 1257 fodit
498 1193 643 1257 sollertia
665 1193 765 1257 Bessi.

139 1281 188 1346 Ao
210 1281 299 1345 uelut
323 1286 451 1346 exertus
474 1281 634 1345 lentandis
657 1281 767 1346 navita
789 1283 894 1346 tonsis

71 1368 263 1434 Praeficitur
285 1369 379 1434 lateri
403 1373 526 1455 custos,
548 1369 624 1434 hinc
647 1369 746 1433 ardua
768 1392 883 1454 prorae

72 1457 243 1542 Temperat
266 1463 298 1522 et
320 1459 438 1523 fluctus
461 1462 733 1542 tempestatesque
755 1459 882 1524 futuras

72 1546 209 1631 Edoeet3
233 1547 365 1611 adsiduo
390 1570 462 1613 cum
485 1547 608 1611 Dorida
630 1547 743 1612 vicerit
766 1570 837 1633 usu,
1050 1567 1085 1616 45

70 1634 140 1699 Iam
164 1637 289 1700 clavum
311 1640 479 1720 totamque
503 1636 591 1700 subit
613 1640 763 1720 torquere
787 1636 940 1701 carinam:

73 1723 125 1788 Sic
149 1747 221 1788 oum
245 1727 331 1790 clara
354 1725 409 1788 diu
432 1725 550 1788 mentis
574 1725 765 1789 documenta
788 1725 938 1812 dedisses,

71 1812 148 1877 Non
170 1817 202 1876 te
225 1818 317 1897 parte
341 1813 400 1898 sui,
424 1813 535 1877 sedin
559 1814 645 1877 omni
669 1836 802 1898 corpore
826 1816 964 1899 sumpsit

71 1900 246 1985 Imperium
270 1905 448 1985 cunctaque
471 1901 558 1966 dedit
580 1903 695 1967 tellure
719 1904 875 1990 regendos

71 1989 234 2054 Rectores.
280 1989 427 2074 Hispana
449 1990 511 2054 tibi
535 1989 757 2075 Germanaque
780 1992 902 2076 Tethys
1050 2011 1085 2059 5ο

71 2078 185 2141 Paruit
208 2083 240 2142 et
261 2083 375 2143 nostro
399 2079 528 2144 diducta
550 2078 719 2144 Britannia
741 2082 871 2167 mundo,

70 2167 270 2251 Diuersoque
293 2172 367 2232 tuas
390 2166 559 2232 coluenmt
582 2169 711 2255 gurgite
733 2191 828 2234 voces
1098 2212 1101 2218 ·

69 2255 192 2319 Lentus
214 2255 299 2320 Arar
320 2257 561 2341 Rhodanusque
584 2259 676 2322 ferox
699 2263 731 2322 et
754 2258 842 2323 dives
864 2258 1015 2324 Hiberus.

71 2343 97 2407 Ο
123 2345 271 2427 quotiens
295 2346 398 2410 doluit
420 2346 563 2431 Rhenus,
587 2368 650 2430 qua
672 2346 830 2410 barbams
853 2347 932 2432 ibat,

72 2431 164 2508 Quod
187 2438 219 2497 te
241 2457 308 2499 non
331 2434 468 2521 geminis
491 2435 652 2499 frueretur
674 2434 779 2499 iudice
802 2435 894 2519 ripis!
1049 2453 1082 2500 55

70 2521 174 2585 Vnius
198 2524 236 2585 fit
260 2544 336 2586 cura
358 2523 428 2607 viri,
452 2522 675 2606 quodcumque
698 2523 841 2586 rubescit
863 2603 865 2608 Ι

70 2608 203 2695 Occasu,
226 2610 450 2693 quodcumque
473 2611 540 2674 dies
564 2610 714 2675 devexior
737 2610 846 2674 ambit.

137 2698 217 2761 Tam
241 2698 325 2761 celer
348 2698 499 2762 adsiduos
523 2698 663 2782 explevit
687 2720 799 2762 cursus
822 2699 975 2786 honores3

69 2787 142 2850 Vna
165 2789 364 2871 potestatum
388 2785 501 2868 spatiis
525 2786 673 2850 interfuit
696 2791 784 2851 aetas

70 2874 196 2958 Totque
219 2875 339 2962 gradus
361 2875 422 2938 fati
444 2875 639 2940 iuvenilibus
661 2876 774 2940 intulit
797 2876 897 2941 anuis.
1046 2894 1082 2944 60

68 2964 247 3048 Postquam
269 2969 363 3049 parta
387 2963 477 3048 quies
501 2968 532 3028 et
556 2987 716 3028 summum
739 2969 835 3029 nacta
858 2987 1009 3031 cacumen
1093 2985 1096 2990 ·

68 3051 137 3116 lam
161 3075 272 3117 secura
294 3053 377 3137 petit
399 3053 561 3137 privatum
584 3054 689 3140 gloria
710 3058 850 3140 portum,

69 3140 195 3228 Ingenii
218 3141 351 3206 redeunt
373 3142 499 3207 fructus
523 3143 642 3227 aliique
664 3143 802 3227 laboreS,

68 3230 114 3294 Et
136 3231 221 3294 vitae
244 3254 319 3315 pars
341 3231 433 3297 nulla
455 3231 551 3316 perit:
575 3231 799 3316 quodcumque
822 3231 941 3295 recedit

67 3319 206 3404 Litibus,
228 3319 385 3385 incumbit
410 3320 535 3406 studiis,
557 3320 747 3403 animusque
769 3320 912 3384 vicissim
1046 3336 1080 3387 65

68 3407 136 3471 Aut
160 3429 268 3472 curam
291 3408 429 3493 imponit
452 3410 582 3494 populis
605 3413 662 3473 aut
686 3409 752 3473 otia
774 3409 886 3474 Musis.

68 3495 184 3560 Omnia
209 3495 380 3581 Cecropiae
402 3498 519 3584 relegis
544 3501 666 3563 secreta
688 3503 833 3562 senectae

830 3601 867 3656 q*
