2392 3870
147 169 211 231 ‘238
475 166 621 222 CLAVDll
639 162 839 225 chavuuni

148 332 192 395 Et
216 353 295 417 gens
319 329 507 413 compositis
530 329 651 393 crinem
672 326 778 392 velata
864 326 949 394 ‘ecia

214 419 282 485 Nec
306 440 381 483 vero
406 418 527 481 similes
550 437 664 481 causas
687 414 843 479 crescenti
866 437 910 479 us
935 419 1042 485 undis

146 507 214 572 Aut
238 513 365 590 tempus
388 507 514 570 meruit.
551 504 660 569 Glacie
682 525 749 568 non
770 503 827 566 ille
849 504 968 570 soluta
1143 528 1177 575 as

147 595 215 660 Nec
238 595 432 659 circumfuso
455 594 597 678 scopulis
620 592 773 657 exuberat
794 591 911 657 imbre.

146 682 231 747 Nam
255 705 327 746 cum
350 684 454 747 tristis
477 682 580 747 hiems
602 681 683 744 alias
704 680 893 763 produxerit
918 683 1048 769 undae,

146 771 236 835 'lunc
258 769 371 835 Nilum
395 772 534 835 retinent
556 770 659 854 ripae,
681 791 754 833 cum
776 768 936 854 languida
960 779 1100 840 cessant

149 859 308 943 Flumina,
331 864 409 923 tunc
431 858 528 924 Nilus
550 861 676 922 mutato
698 857 768 920 iure
789 857 957 924 tumescit.

146 946 270 1029 Quippe
294 947 379 1030 quod
404 970 442 1012 ex
466 948 553 1011 omni
575 946 674 1011 fluvio
698 943 885 1029 spoliaverit
909 952 1045 1035 aestas,
1144 971 1178 1019 so

145 1035 215 1098 lloc
240 1034 317 1099 Nilo
340 1040 456 1099 natura
479 1037 592 1120 refert,
615 1038 785 1116 totumque
806 1054 864 1116 per
888 1034 1013 1102 orbem

147 1123 307 1187 Collectae
330 1129 438 1207 partes
461 1146 562 1188 unum
584 1127 775 1188 revocantur
796 1120 832 1185 in
854 1130 1007 1212 amnem,

146 1211 279 1295 Quoque
303 1213 353 1275 die
375 1213 492 1276 Titana
515 1213 603 1276 canis
625 1209 815 1296 flagrantior
836 1215 947 1276 armat

145 1300 190 1363 Et
214 1301 298 1383 rapit
321 1322 449 1364 umores
472 1300 616 1363 madidos
639 1319 799 1380 venasque
823 1298 933 1362 calore

147 1388 328 1471 Compescit
353 1389 513 1471 radiisque
536 1387 724 1471 potentibus
747 1389 873 1449 aestuat
897 1387 992 1476 axis,
1146 1413 1176 1460 35

145 1476 222 1541 Nilo
246 1477 361 1540 brunna
383 1478 485 1560 venit,
509 1475 670 1540 contraria
693 1480 838 1556 tempora
859 1476 1005 1544 mundo:

144 1565 286 1628 Defeotis
311 1566 444 1628 solitum
467 1565 608 1628 referens
631 1562 809 1628 cultoribus
833 1583 961 1644 aequor

143 1652 260 1716 Effluit
282 1652 411 1739 Aegaeo
436 1653 652 1739 stagnantior,
675 1651 779 1714 acrior
801 1649 868 1713 alto

143 1739 235 1804 Ionio
260 1764 392 1824 seseque
414 1741 600 1825 patentibus
624 1739 763 1824 explicat
786 1737 884 1802 arvis:

142 1828 295 1892 Fluctuat
319 1830 423 1893 omnis
447 1852 536 1917 ager3
559 1829 656 1892 remis
679 1847 813 1892 sonuere
835 1825 992 1916 novales3
1146 1857 1177 1904 40

143 1915 290 2001 Saepius,
314 1919 436 1981 aestivo
459 1920 562 1982 iaceat
585 1939 658 1981 cum
681 1917 764 1981 forte
787 1935 917 1999 sopore,

144 2004 253 2067 Cernit
277 2027 348 2068 cum
373 2007 510 2070 stabulis
534 2009 678 2069 armenta
699 2002 846 2068 natantia
867 2007 998 2085 pastor.

515 2196 611 2250 xxix.
633 2196 780 2264 (1111111.)

562 2327 735 2387 MAGNES.

208 2443 360 2529 Quisquis
384 2446 524 2510 sollicita
546 2445 702 2509 mundum
724 2445 848 2508 ratione
872 2449 1012 2514 secutus

141 2532 269 2597 Semina
291 2534 427 2598 rimatur
449 2556 569 2617 rerum,
594 2555 657 2616 quo
680 2534 759 2596 luna
780 2532 908 2596 laborat

139 2621 288 2705 Defectu,
313 2645 394 2705 quae
418 2644 514 2687 causa
536 2622 626 2685 iubet
648 2622 822 2704 pallescere
846 2620 962 2707 solem,

138 2708 230 2772 Vnde
253 2709 459 2775 rubescentes
483 2710 575 2774 ferali
599 2710 685 2774 crine
709 2713 864 2793 cometae,

137 2795 230 2858 Vnde
253 2797 356 2860 fluant
378 2799 480 2882 venti,
503 2798 646 2882 trepidae
669 2797 742 2880 quis
765 2798 887 2861 viscera
909 2800 1022 2865 terrae
1157 2828 1174 2874 1

139 2882 310 2946 Concutiat
333 2890 455 2969 motus,
479 2887 551 2969 quis
574 2887 704 2972 fulgura
728 2886 823 2949 ducat
845 2884 969 2970 hiatus,

137 2970 230 3033 Vnde
253 2975 367 3035 tonent
389 2974 506 3058 nubes,
529 2996 593 3056 quo
617 2975 738 3039 lumine
760 2975 874 3038 floreat
897 2994 1007 3040 arcus:

137 3056 209 3120 Hoc
232 3057 311 3120 mihi
335 3063 513 3146 quaerenti,
537 3063 564 3124 si
588 3063 665 3144 quid
689 3061 880 3145 deprendere
902 3063 972 3126 veri

136 3144 228 3207 Mens
252 3146 352 3230 valet,
377 3149 531 3231 expediat.

562 3238 659 3321 Lapis
682 3243 733 3302 est'
755 3238 945 3324 cognomine
968 3261 1115 3329 magnes

135 3319 275 3383 Decolor
299 3321 454 3385 obscurus
477 3325 559 3389 vilis.
595 3326 672 3391 Non
694 3327 750 3390 ille
773 3348 923 3409 repexam
1132 3353 1165 3401 10

138 3407 317 3471 caesariem
340 3430 466 3493 regum,
488 3433 556 3475 non
580 3414 712 3478 candida
735 3414 870 3501 virginis
895 3419 990 3479 ornat

138 3495 229 3559 Colla
250 3517 309 3559 nco
332 3495 453 3581 insigni
477 3499 622 3580 splendet
645 3525 702 3585 per
725 3502 854 3587 cingula
876 3523 1001 3588 morsu,
