2392 3870
113 180 180 245 282
439 177 585 235 CLAVDII
602 175 801 233 cLAVDIAM

113 341 340 427 Abreptasque
363 340 539 405 dolct'iam
560 362 627 404 non
651 339 713 404 sibi
737 361 877 403 erescere
900 339 1010 404 fibras.

182 430 311 496 Oblitae
335 431 491 494 scelerum
514 429 742 512 formidatique
765 428 884 492 furoris

114 520 310 585 Eumenides
334 523 457 584 cratere
479 521 596 602 parant
620 521 652 581 et
674 518 750 581 vina
772 516 873 581 feroci
1019 597 1027 609 ,

116 609 212 674 Crine
235 609 353 672 bibunt
376 607 532 690 flexisque
554 605 652 670 minis
675 606 741 670 iam
763 606 835 669 lene
858 611 1009 670 canentes
1083 624 1136 674 345

114 697 305 761 Extendunt
328 697 434 761 socios
457 695 498 759 ad
519 695 636 780 pocula
658 695 754 779 plena
777 699 917 758 cerastas

116 786 162 850 Et
186 786 286 849 festas
310 785 374 848 alio
398 784 596 848 succendunt
618 784 739 848 lumine
762 783 881 848 taedas.

116 873 207 938 Tunc
230 878 262 937 et
284 873 430 957 pestiferi
452 877 603 957 pacatum
625 873 746 937 flumen
767 871 889 936 Averni

116 961 277 1027 Innocuae
300 962 477 1046 transistis,
501 984 590 1047 aves,
612 961 789 1045 flatumque
811 961 965 1044 repressit

116 1050 326 1117 Amsanctus:
349 1052 415 1115 fixo
438 1051 541 1115 tacuit
563 1053 706 1114 torrente
729 1071 858 1136 vorago.
1082 1069 1136 1118 350

116 1140 208 1204 Tunc
229 1140 452 1205 Acheronteos
474 1143 601 1204 mutato
625 1139 754 1226 gurgite
777 1140 884 1204 fontes

116 1229 215 1294 Lacte
237 1251 322 1293 novo
345 1230 505 1293 tumuisse
528 1229 650 1313 ferunt,
672 1227 862 1311 hederisque
885 1228 1044 1292 virentem

118 1317 265 1402 Cocyton
288 1318 374 1382 dulci
397 1318 568 1402 perhibent
591 1317 730 1381 undasse
751 1317 868 1400 Lyaeo.

117 1406 264 1473 Stamina
286 1429 345 1471 nec
368 1407 491 1491 rumpit
512 1405 680 1491 Lachesis3
702 1428 762 1470 nec
784 1405 914 1469 turbida
937 1406 1037 1469 sacris

116 1494 342 1579 Obstrepitant
364 1496 506 1559 lamenta
530 1495 645 1560 choris.
680 1494 771 1559 Mors
793 1495 885 1558 nulla
906 1499 1046 1581 vagatur
1083 1513 1136 1562 355

117 1583 158 1648 In
180 1584 290 1669 terris,
312 1584 459 1668 nullique
482 1607 599 1671 rogum
621 1583 773 1668 planxere
796 1587 954 1666 parentes.

114 1671 237 1739 Navita
259 1695 326 1737 non
347 1673 486 1738 moritur
507 1675 623 1759 fluctu,
644 1694 712 1737 non
734 1672 865 1756 cuspide
887 1672 993 1758 miles3

119 1760 244 1845 Oppida
267 1762 391 1827 funerei
413 1763 538 1846 pollent
560 1761 706 1826 inmunia
728 1761 800 1847 leti,

117 1848 346 1934 impexamque
369 1874 466 1916 senex
488 1851 609 1916 1111111
631 1850 810 1915 harundine
833 1850 974 1914 frontem

118 1939 264 2003 Portitor
287 1944 319 2003 et
342 1962 461 2003 vacuos
484 1940 551 2027 egit
574 1962 647 2004 curn
671 1939 810 2003 carmine
833 1961 947 2003 remos.
1084 1957 1138 2007 360

184 2027 254 2091 Iam
278 2050 355 2091 suus
378 2028 505 2092 inferno
528 2032 728 2112 processerat
751 2027 916 2111 Hesperus
940 2027 1025 2091 orbi:

117 2115 257 2179 Ducitur
279 2115 314 2178 in
336 2116 517 2180 thalamum
539 2117 640 2202 virge.
678 2116 750 2182 Stat
772 2116 921 2201 pronuba
943 2117 1035 2180 iuxta

118 2203 293 2269 Stellantes
316 2203 393 2269 Nox
414 2205 502 2288 picta
526 2205 615 2268 sinus
638 2209 840 2291 tangensque
863 2204 968 2269 cubile

117 2291 234 2357 Omina
256 2297 412 2377 perpetuo
435 2293 591 2380 genitalia
613 2294 740 2359 foedere
764 2294 882 2380 sancit3

118 2381 279 2447 Exultant
302 2404 374 2447 cum
397 2405 475 2447 voce
497 2383 544 2467 pii
565 2383 717 2466 Ditisque
741 2384 801 2447 sub
825 2385 899 2448 aula
1084 2401 1136 2454 365

101 2471 210 2536 ·Talia
232 2472 383 2559 pervigili
407 2478 539 2537 sumunt
562 2471 693 2536 exordia
714 2473 845 2556 plausu:

186 2561 320 2627 ‘Nostra
342 2566 458 2646 potens
481 2560 563 2626 Iuno
587 2566 687 2646 tuque
711 2585 730 2625 o
753 2583 905 2648 germane
928 2559 1086 2625 Tonantis

118 2648 163 2713 Et
186 2671 298 2737 gener,
320 2651 466 2715 unanimi
489 2650 652 2715 consortie
676 2650 789 2715 discite
812 2649 917 2714 somni

118 2736 297 2821 Mutueque
321 2740 454 2804 alternis
477 2739 631 2804 innectite
653 2743 730 2805 vota
753 2738 891 2803 lacertis.

118 2823 188 2889 Iam
211 2826 289 2890 felix
313 2828 416 2892 oritur
438 2829 560 2915 proles3
582 2828 648 2893 iam
670 2829 755 2893 laeta
778 2828 907 2892 futuros
1082 2843 1135 2892 370

118 2913 280 2998 Expectat
301 2915 429 2981 Natura
452 2917 536 2981 deos.
573 2917 668 2983 Nova
689 2916 823 2981 numina
846 2916 943 2980 rebus

118 3002 237 3067 Addita
261 3008 293 3068 et
316 3009 446 3089 optatos
471 3005 578 3070 Cereri
600 3007 743 3090 proferte
765 3006 920 3090 nepotes?

521 3345 733 3352 ———-—.—.-
