2392 3870
73 194 157 263 (Vll.)
175 192 359 249 PANEGYR.
378 193 427 246 DE
447 192 582 250 TERTIO
602 192 819 248 CONSVLATV
838 192 1002 251 Houoass.
1028 194 1091 259 109

74 355 253 420 Fortunate
276 378 405 440 parens,
428 356 550 440 primos
574 378 647 420 cum
670 355 795 442 detegis
818 361 923 442 ortus,

75 443 226 528 Adspicis
248 442 435 530 Arcadium,
459 466 532 508 cum
554 448 587 509 te
610 444 785 529 proclivior
808 467 918 531 urges,

75 532 251 596 Occiduum
273 534 361 597 visus
385 537 565 597 remoratur
588 532 754 597 Honorius
776 533 898 619 ignem3
1039 549 1091 600 180

74 621 119 684 Et
143 643 344 706 quocumque
366 644 467 708 vagos
490 623 601 685 flectas
626 622 686 685 sub
710 622 838 686 cardine
862 643 989 707 cursus,

75 708 236 774 Natorum
258 732 316 794 per
339 732 438 797 regna
460 710 564 794 venis,
588 709 643 793 qui
666 716 774 774 mente
797 732 909 774 serena

75 797 269 882 Maturoque
292 804 410 885 regrmt
432 800 559 863 iunctas
582 798 799 863 moderamine
822 803 948 885 gentes,

76 885 209 951 Saecula
233 887 288 972 qui
312 909 424 952 rursus
447 887 589 953 formant
612 887 744 952 meliore
767 887 908 952 metelle.

73 976 179 1062 Luget
201 975 365 1040 Avarities
389 976 512 1062 Stygiis
535 976 652 1040 innexa
675 975 796 1040 catenis
1040 993 1091 1043 185

76 1064 220 1148 Cumque
244 1087 302 1129 suo
327 1065 456 1128 demens
480 1064 652 1149 expellitur
674 1063 828 1128 Ambitus
852 1087 939 1129 auro.

74 1152 151 1217 Non
174 1153 382 1217 dominantur
406 1175 482 1237 opes
504 1174 564 1217 nec
587 1153 825 1236 corrumpentia
850 1175 963 1218 sensus

75 1242 170 1305 Dona
193 1243 315 1305 valent:
339 1241 457 1306 emitur
480 1242 549 1305 sola
572 1241 692 1305 virtute
715 1246 869 1325 potestas.

141 1329 296 1393 Vnanimi
319 1330 450 1414 fratres,
474 1353 611 1414 quorum
634 1351 722 1394 mare
744 1334 894 1413 terraque
917 1330 993 1394 fatis

74 1418 233 1502 Debetur,
257 1418 480 1502 quodcumque
502 1441 617 1483 manus
640 1418 742 1483 evasit
766 1418 883 1503 avitas,
1041 1436 1091 1485 190

77 1506 169 1581 Quod
193 1511 340 1592 superest
362 1507 460 1591 patri:
483 1507 577 1571 vobis
599 1507 664 1570 iam
687 1507 847 1571 Mulciber
869 1529 958 1571 arma

75 1594 250 1680 Praeparat
274 1601 307 1660 et
330 1595 438 1660 Sicula
462 1596 601 1680 Cyclops
624 1596 738 1660 incude
761 1596 903 1681 laborat,

75 1683 213 1748 Brontes
236 1685 413 1748 innumeris
437 1689 605 1768 exasperat
629 1684 742 1771 aegida
766 1684 881 1771 signis,

75 1771 189 1836 Altum
213 1772 368 1836 fulminea
392 1773 531 1856 crispare
554 1773 589 1837 in
612 1773 734 1837 casside
757 1794 874 1838 conum

75 1860 222 1924 Festinat
246 1860 411 1946 Steropes,
434 1861 535 1926 nectit
557 1861 691 1926 thoraca
713 1862 899 1948 Pyragmon
1041 1879 1091 1928 196

76 1947 289 2034 ignifluisque
313 1949 413 2035 gemit
435 1949 551 2034 Lipare
574 1951 702 2014 fumosa
725 1951 878 2015 cavernis

76 2037 180 2100 Vobis
203 2036 296 2102 Ionia
318 2037 435 2102 virides
458 2037 631 2122 Neptunus
654 2040 689 2103 in
712 2041 786 2126 alga

75 2125 189 2189 Nutrit
213 2149 326 2211 equos,
350 2127 406 2210 qui
429 2149 554 2191 summa
577 2128 652 2192 freti
675 2151 732 2212 per
756 2129 882 2193 caerula
905 2127 1033 2213 possint

76 2214 172 2278 Ferre
196 2215 281 2279 viam
305 2220 509 2302 segetemque
532 2217 596 2280 levi
618 2239 803 2301 percurrere
826 2221 931 2301 motu,

76 2302 209 2367 Nesciat
232 2308 269 2368 ut
294 2326 424 2388 spumas
446 2327 506 2369 nec
528 2310 674 2389 proterat
696 2306 819 2391 ungula
843 2306 974 2368 culmos
1038 2321 1091 2371 200

74 2390 144 2454 Iam
167 2392 258 2457 video
282 2394 452 2476 Babylona
474 2394 545 2478 rapi
567 2394 788 2476 Parthumque
812 2396 959 2457 coactum

76 2479 153 2544 Non
174 2482 251 2545 ficta
274 2482 435 2566 trepidare
457 2482 549 2567 fuga,
571 2482 635 2545 iam
658 2481 776 2545 Bactra
799 2480 901 2544 teneri

76 2569 217 2654 Legibus
243 2574 274 2632 et
297 2570 428 2634 famulis
452 2569 587 2655 Gangen
608 2570 783 2654 pallescere
806 2567 886 2650 ripis

75 2657 325 2740 Gemmatosque
348 2658 503 2721 humilem
526 2658 708 2743 dispergere
730 2655 863 2720 Persida
887 2656 1001 2721 cultus.

73 2744 123 2809 Ite
146 2769 203 2830 per
226 2750 405 2809 extremum
428 2745 562 2809 Tanaim
584 2746 759 2831 pigrosque
782 2744 930 2830 Triones,
1038 2761 1089 2812 205

75 2833 124 2897 Ite
147 2858 204 2919 per
228 2834 392 2898 ardentem
414 2833 565 2919 Libyam,
588 2838 737 2918 superate
760 2855 895 2917 vapores

77 2921 162 2986 Solis
187 2928 219 2986 et
243 2945 376 3002 arcanos
399 2922 469 2987 Nili
492 2923 677 3007 deprendite
700 2923 823 3007 fontes,

75 3010 270 3076 Herculeum
293 3013 403 3097 finem,
425 3011 545 3076 Bacchi
568 3011 779 3076 transcurrite
802 3015 920 3075 metas:

75 3098 185 3163 Vestri
208 3101 288 3164 iuris
312 3101 385 3184 erit,
410 3100 566 3185 quidquid
589 3100 815 3185 complectitur
837 3100 915 3164 axis.

74 3186 178 3252 Vobis
201 3189 313 3254 Rubra
336 3190 458 3254 dabunt
481 3189 640 3275 pretiosas
664 3210 803 3272 aequora
827 3189 978 3273 conchas,
1037 3205 1089 3253 210

74 3273 174 3340 Indus
198 3279 290 3364 ebur,
313 3300 420 3342 ramos
442 3277 618 3362 Panchaia,
640 3277 760 3341 vellera
783 3277 884 3342 Seres.
