2392 3870
89 172 172 241 (VII.)
191 169 377 227 Pannona.
395 171 444 225 Dld
464 169 598 243 TERTIO
618 169 837 226 CONSVLATV
854 169 1018 226 HONORII.
1041 171 1105 236 105

88 333 176 398 Talis
200 333 381 418 perdomito
404 333 512 397 redeat
535 333 615 397 mihi
637 333 726 397 filius
748 333 857 417 hoste,

88 422 257 507 Hyrcanas
279 423 455 506 populatus
479 444 556 505 opes
580 428 636 486 aut
660 420 753 484 caede
780 421 937 505 superbus
1072 437 1107 488 35

88 510 239 595 Assyria,
263 511 310 574 sie
333 532 408 575 ense
432 511 565 594 rubens,
590 509 635 573 sic
658 509 788 573 flamine
812 510 924 573 crebro

89 599 251 663 Turbidus
275 604 307 663 61
330 605 424 685 grato
449 620 615 682 respersus
638 598 769 681 pulvere
792 598 885 684 belli,

88 688 252 772 Armaque
276 688 388 774 gaviso
412 689 531 751 referat
555 687 682 771 captiva
704 687 853 770 parenti'

155 776 233 841 Mox
256 777 313 840 ubi
336 776 474 840 firmasti
497 781 586 840 recto
609 775 749 862 vestigia
772 797 899 861 gressu,

88 865 166 930 Non
189 865 250 929 tibi
274 864 412 929 desidias
436 864 551 928 molles
574 886 633 928 nec
656 863 797 927 marcida
819 864 899 928 luxu
1074 881 1108 930 4ο

92 953 167 1018 0116
190 976 249 1018 nee
273 975 404 1018 somnos
428 953 556 1039 genitor
578 952 727 1035 permisit
749 953 883 1037 inertes,

91 1042 153 1107 Sed
175 1064 260 1107 nova
283 1065 341 1126 per
365 1042 462 1106 duros
485 1041 641 1105 instruxit
663 1041 808 1105 membra
830 1041 958 1105 labores

90 1131 136 1194 Et
161 1131 258 1194 cruda
282 1136 409 1195 teneras
434 1129 576 1194 exercuit
599 1129 707 1193 indole
730 1129 829 1193 vires:

90 1219 228 1305 Frigora
252 1241 346 1283 saeva
369 1219 451 1304 pati,
474 1218 629 1304 gravibus
652 1240 719 1281 non
742 1217 851 1281 cedere
873 1218 1006 1304 nimbis,

89 1308 260 1371 Aestivum
283 1309 421 1372 tolerare
445 1307 552 1392 iubar,
575 1311 743 1370 transnare
767 1328 901 1370 sonoras
1074 1324 1109 1373 45

91 1396 285 1461 Torrentum
308 1396 423 1480 furias,
446 1417 581 1459 ascensu
604 1395 731 1459 vincere
753 1400 896 1480 montes,

43 1551 46 1555 ,
90 1484 264 1548 Ρ16111116111
288 1507 397 1570 cursa,
420 1484 522 1549 valles
545 1488 577 1547 61
602 1505 741 1547 concava
765 1484 864 1568 661111,

91 1573 160 1637 Nec
183 1596 249 1638 non
271 1574 306 1639 in
311 1573 435 1726 clipeo
456 1573 571 1660 vigiles
594 1572 769 1655 producere
792 1577 868 1637 noct
870 1594 917 1657 66,

91 1661 129 1726 ln
152 1663 244 1748 galea
267 1667 380 1747 potare
403 1662 507 1747 nives,
530 1682 616 1725 nunc
640 1661 763 1745 spicula
786 1683 887 1726 cornu

91 1751 247 1836 Tendere,
269 1773 356 1815 nuno
379 1751 513 1836 glandes
535 1749 664 1813 Baleari
688 1772 838 1836 spargere
862 1751 1110 1817 1111111610

93 1839 227 1921 Quoque
250 1839 355 1938 magis
377 1839 513 1902 nimium
536 1861 663 1938 pugnae
686 1838 900 1903 inflammaret
886 1844 1080 1925 tamarem

90 1927 227 1990 Factat
172 1927 262 1990 61111
285 1927 476 1991 numerabat
462 1927 565 2011 tavi,
589 1932 746 2010 quemt
707 1928 786 1991 litus
809 1929 942 1993 adustae

92 2015 260 2079 Horrescit
246 2015 406 2100 tLibyae
429 2016 650 2098 ratibusque'
641 2016 797 2101 rmpervia
820 2016 936 2100 Thyle:

93 2103 152 2167 Ille
176 2104 262 2169 leves
286 2103 417 2168 Mauros
439 2126 498 2169 neo
522 2105 605 2168 falso
628 2105 758 2169 nomine
780 2105 891 2169 Pictos

91 2192 246 2256 Edomuit
271 2192 482 2277 Scottumque
505 2215 588 2279 vago
612 2216 765 2258 mucrone
789 2199 918 2259 secutus
1075 2210 1109 2261 55

90 2280 203 2367 Fregit
226 2281 454 2366 Hyperboreas
478 2282 575 2346 remis
599 2282 774 2347 audacibus
799 2283 901 2346 undas

92 2369 137 2433 Et
160 2370 297 2456 geminis
321 2371 451 2457 fulgens
474 2375 613 2452 utroque
639 2371 699 2434 sub
724 2393 782 2434 axe
805 2371 947 2454 tropaeis

92 2458 235 2541 Tethyos
259 2461 402 2524 alternae
426 2460 543 2524 refluas
569 2459 705 2523 calcavit
728 2459 873 2522 harenas.

91 2546 162 2610 Hos
187 2547 250 2610 tibi
272 2548 431 2611 virtutum
455 2548 620 2631 stimulos,
642 2547 721 2610 haec
745 2545 866 2609 semina
889 2543 1035 2630 laudum,

92 2635 182 2700 Haec
206 2635 352 2718 exempla
375 2634 481 2698 dabat.
526 2635 604 2700 Non
627 2635 716 2699 ocius
739 2633 849 2697 hausit
871 2631 1016 2698 Achilles
1076 2651 1110 2702 60

93 2723 242 2788 Semiferi
266 2727 437 2806 praecepta
461 2723 559 2808 senis,
584 2745 640 2786 seu
663 2721 804 2806 cuspidis
828 2726 914 2785 61166

93 2811 166 2877 Sive
190 2813 279 2895 lyrae
304 2815 417 2874 cantus
440 2811 579 2875 medicas
604 2833 660 2874 seu
684 2810 819 2874 disceret
842 2810 967 2875 herbas.

162 2899 289 2963 Interea
312 2899 445 2964 turbata
468 2900 556 2964 fides.
604 2899 719 2963 Civilia
741 2922 853 2963 rursus

96 2989 189 3053 Bella
213 2993 328 3052 tonant
352 2989 549 3071 dubiumque
574 2988 679 3071 quatit
703 2988 861 3052 discordia
883 2988 1046 3052 mundum.

92 3077 156 3141 Pro
182 3077 304 3142 crimen
328 3100 494 3162 superum,
516 3078 607 3163 longi
629 3099 688 3161 pro
713 3077 848 3141 dedecus
872 3076 955 3140 aevi:
1077 3093 1111 3142 65

91 3166 255 3230 Barbarus
277 3165 451 3250 Hesperias
475 3167 550 3230 exul
572 3165 760 3250 possederat
782 3166 879 3229 urbes

94 3253 290 3339 Sceptraque
315 3255 436 3319 deiecto
461 3254 590 3319 dederat
612 3254 759 3319 Romana
783 3253 901 3318 clienti.

91 3342 161 3407 lam
183 3343 332 3427 princeps
355 3344 538 3409 moliturt
512 3365 575 3407 rer
597 3348 774 3429 gentesque
797 3346 937 3407 remotas

93 3430 227 3518 Colligit
249 3432 408 3519 Aurorae
430 3432 574 3496 tumidus
598 3453 816 3515 quascumque
839 3434 982 3515 pererrat
1073 3447 1107 3495 69

91 3520 289 3606 Euphrates,
313 3543 392 3604 quas
417 3522 483 3584 lust
469 3524 536 3586 t
558 3519 676 3606 Halys,
700 3542 780 3604 quas
805 3519 851 3583 dit
837 3523 887 3583 tat
911 3518 1062 3603 01611166,
