<?xml version="1.0" encoding="UTF-8"?>
<!DOCTYPE html PUBLIC "-//W3C//DTD XHTML 1.0 Transitional//EN"
    "http://www.w3.org/TR/xhtml1/DTD/xhtml1-transitional.dtd">
<html xmlns="http://www.w3.org/1999/xhtml" xml:lang="en" lang="en">
 <head>
  <title>
</title>
<meta http-equiv="Content-Type" content="text/html;charset=utf-8" />
  <meta name='ocr-system' content='tesseract 3.04.00' />
  <meta name='ocr-capabilities' content='ocr_page ocr_carea ocr_par ocr_line ocrx_word'/>
</head>
<body>
  <div class='ocr_page' id='page_1' title='image "./claudiiclaudian03claugoog_0154.png"; bbox 0 0 2392 3870; ppageno 0'>
   <div class='ocr_carea' id='block_1_1' title="bbox 235 155 1103 234">
    <p class='ocr_par' dir='ltr' id='par_1_1' title="bbox 235 155 1103 234">
     <span class='ocr_line' id='line_1_1' title="bbox 235 155 1103 234; baseline 0.01 -25"><span class='ocrx_word' id='word_1_1' title='bbox 235 155 315 226; x_wconf 85' lang='lat' dir='ltr'>(XX.)</span> <span class='ocrx_word' id='word_1_2' title='bbox 334 156 373 210; x_wconf 89' lang='lat' dir='ltr'>IN</span> <span class='ocrx_word' id='word_1_3' title='bbox 393 156 609 234; x_wconf 84' lang='lat' dir='ltr'>EVTROPIVM</span> <span class='ocrx_word' id='word_1_4' title='bbox 626 158 735 212; x_wconf 83' lang='lat' dir='ltr'>LIBER</span> <span class='ocrx_word' id='word_1_5' title='bbox 754 158 950 217; x_wconf 81' lang='lat' dir='ltr'>SECVNDVS.</span> <span class='ocrx_word' id='word_1_6' title='bbox 1060 163 1103 228; x_wconf 85' lang='lat'>83</span> 
     </span>
    </p>
   </div>
   <div class='ocr_carea' id='block_1_2' title="bbox 80 316 1102 3228">
    <p class='ocr_par' dir='ltr' id='par_1_2' title="bbox 91 316 946 407">
     <span class='ocr_line' id='line_1_2' title="bbox 91 316 946 407; baseline 0.002 -23"><span class='ocrx_word' id='word_1_7' title='bbox 91 319 173 384; x_wconf 82' lang='lat' dir='ltr'><strong>Sunt</strong></span> <span class='ocrx_word' id='word_1_8' title='bbox 197 317 253 400; x_wconf 92' lang='lat' dir='ltr'>qui</span> <span class='ocrx_word' id='word_1_9' title='bbox 274 340 333 400; x_wconf 90' lang='lat' dir='ltr'>per</span> <span class='ocrx_word' id='word_1_10' title='bbox 356 316 472 382; x_wconf 83' lang='lat' dir='ltr'>Cilicas</span> <span class='ocrx_word' id='word_1_11' title='bbox 495 322 591 402; x_wconf 86' lang='lat' dir='ltr'>rupto</span> <span class='ocrx_word' id='word_1_12' title='bbox 616 319 803 385; x_wconf 83' lang='lat' dir='ltr'>descendere</span> <span class='ocrx_word' id='word_1_13' title='bbox 826 320 946 407; x_wconf 85' lang='lat' dir='ltr'>Tauro,</span> 
     </span>
    </p>

    <p class='ocr_par' dir='ltr' id='par_1_3' title="bbox 88 406 1102 670">
     <span class='ocr_line' id='line_1_3' title="bbox 91 406 920 492; baseline 0.002 -20"><span class='ocrx_word' id='word_1_14' title='bbox 91 406 173 472; x_wconf 82' lang='lat' dir='ltr'><strong>Sunt</strong></span> <span class='ocrx_word' id='word_1_15' title='bbox 198 406 253 488; x_wconf 91' lang='lat' dir='ltr'>qui</span> <span class='ocrx_word' id='word_1_16' title='bbox 277 407 433 489; x_wconf 80' lang='lat' dir='ltr'>correptis</span> <span class='ocrx_word' id='word_1_17' title='bbox 456 407 581 471; x_wconf 89' lang='lat' dir='ltr'>ratibus</span> <span class='ocrx_word' id='word_1_18' title='bbox 604 411 753 492; x_wconf 86' lang='lat' dir='ltr'>terraque</span> <span class='ocrx_word' id='word_1_19' title='bbox 776 410 920 492; x_wconf 83' lang='lat' dir='ltr'>marique</span> 
     </span>
     <span class='ocr_line' id='line_1_4' title="bbox 89 494 1102 581; baseline 0.006 -22"><span class='ocrx_word' id='word_1_20' title='bbox 89 495 272 559; x_wconf 81' lang='lat' dir='ltr'>Adventare</span> <span class='ocrx_word' id='word_1_21' title='bbox 295 494 413 578; x_wconf 81' lang='lat' dir='ltr'>ferant3</span> <span class='ocrx_word' id='word_1_22' title='bbox 436 495 641 581; x_wconf 87' lang='lat' dir='ltr'>geminantur</span> <span class='ocrx_word' id='word_1_23' title='bbox 663 518 738 561; x_wconf 87' lang='lat' dir='ltr'>vera</span> <span class='ocrx_word' id='word_1_24' title='bbox 758 498 887 580; x_wconf 91' lang='lat' dir='ltr'>pavoris</span> <span class='ocrx_word' id='word_1_25' title='bbox 1048 517 1102 568; x_wconf 80' lang='grc'>470</span> 
     </span>
     <span class='ocr_line' id='line_1_5' title="bbox 88 583 822 670; baseline 0 -22"><span class='ocrx_word' id='word_1_26' title='bbox 88 583 236 670; x_wconf 88' lang='lat' dir='ltr'>Ingenio:</span> <span class='ocrx_word' id='word_1_27' title='bbox 259 583 356 669; x_wconf 86' lang='lat' dir='ltr'>longe</span> <span class='ocrx_word' id='word_1_28' title='bbox 379 585 516 667; x_wconf 85' lang='lat' dir='ltr'>spectari</span> <span class='ocrx_word' id='word_1_29' title='bbox 539 584 702 667; x_wconf 84' lang='lat' dir='ltr'>puppibus</span> <span class='ocrx_word' id='word_1_30' title='bbox 725 586 822 649; x_wconf 89' lang='lat' dir='ltr'>urbes</span> 
     </span>
    </p>

    <p class='ocr_par' dir='ltr' id='par_1_4' title="bbox 89 672 857 756">
     <span class='ocr_line' id='line_1_6' title="bbox 89 672 857 756; baseline 0.001 -20"><span class='ocrx_word' id='word_1_31' title='bbox 89 673 264 756; x_wconf 77' lang='lat' dir='ltr'>Accersas,</span> <span class='ocrx_word' id='word_1_32' title='bbox 286 672 392 736; x_wconf 83' lang='lat' dir='ltr'>lucere</span> <span class='ocrx_word' id='word_1_33' title='bbox 415 672 535 751; x_wconf 82' lang='lat' dir='ltr'>fretum</span> <span class='ocrx_word' id='word_1_34' title='bbox 557 676 717 755; x_wconf 89' lang='lat' dir='ltr'>ventoque</span> <span class='ocrx_word' id='word_1_35' title='bbox 741 674 857 737; x_wconf 91' lang='lat' dir='ltr'>citatas</span> 
     </span>
    </p>

    <p class='ocr_par' dir='ltr' id='par_1_5' title="bbox 89 760 856 846">
     <span class='ocr_line' id='line_1_7' title="bbox 89 760 856 846; baseline 0 -21"><span class='ocrx_word' id='word_1_36' title='bbox 89 761 246 825; x_wconf 83' lang='lat' dir='ltr'>Omnibus</span> <span class='ocrx_word' id='word_1_37' title='bbox 268 761 304 823; x_wconf 94' lang='lat' dir='ltr'>in</span> <span class='ocrx_word' id='word_1_38' title='bbox 325 760 441 846; x_wconf 90' lang='lat' dir='ltr'>pelago</span> <span class='ocrx_word' id='word_1_39' title='bbox 464 761 544 824; x_wconf 90' lang='lat' dir='ltr'>velis</span> <span class='ocrx_word' id='word_1_40' title='bbox 567 761 697 825; x_wconf 88' lang='lat' dir='ltr'>haerere</span> <span class='ocrx_word' id='word_1_41' title='bbox 720 762 856 826; x_wconf 82' lang='lat' dir='ltr'>favillas.</span> 
     </span>
    </p>

    <p class='ocr_par' dir='ltr' id='par_1_6' title="bbox 87 848 1100 1198">
     <span class='ocr_line' id='line_1_8' title="bbox 154 848 949 932; baseline 0.004 -20"><span class='ocrx_word' id='word_1_42' title='bbox 154 848 225 912; x_wconf 89' lang='lat' dir='ltr'>Hos</span> <span class='ocrx_word' id='word_1_43' title='bbox 247 849 332 912; x_wconf 93' lang='lat' dir='ltr'>inter</span> <span class='ocrx_word' id='word_1_44' title='bbox 356 850 510 932; x_wconf 89' lang='lat' dir='ltr'>strepitus</span> <span class='ocrx_word' id='word_1_45' title='bbox 533 848 692 913; x_wconf 79' lang='lat' dir='ltr'>funestior</span> <span class='ocrx_word' id='word_1_46' title='bbox 715 849 844 914; x_wconf 90' lang='lat' dir='ltr'>advolat</span> <span class='ocrx_word' id='word_1_47' title='bbox 867 851 949 915; x_wconf 87' lang='grc'><strong>11101</strong></span> 
     </span>
     <span class='ocr_line' id='line_1_9' title="bbox 87 937 1100 1022; baseline 0.005 -20"><span class='ocrx_word' id='word_1_48' title='bbox 87 937 244 1002; x_wconf 87' lang='lat' dir='ltr'>Nuntius:</span> <span class='ocrx_word' id='word_1_49' title='bbox 268 940 424 1000; x_wconf 89' lang='lat' dir='ltr'>armatam</span> <span class='ocrx_word' id='word_1_50' title='bbox 447 959 558 1001; x_wconf 90' lang='lat' dir='ltr'>rursus</span> <span class='ocrx_word' id='word_1_51' title='bbox 579 937 748 1022; x_wconf 84' lang='lat' dir='ltr'>Babylona</span> <span class='ocrx_word' id='word_1_52' title='bbox 770 939 886 1002; x_wconf 85' lang='lat' dir='ltr'>minari</span> <span class='ocrx_word' id='word_1_53' title='bbox 1047 959 1100 1008; x_wconf 79' lang='lat'>475</span> 
     </span>
     <span class='ocr_line' id='line_1_10' title="bbox 87 1025 896 1112; baseline 0.002 -23"><span class='ocrx_word' id='word_1_54' title='bbox 87 1026 176 1111; x_wconf 83' lang='lat' dir='ltr'>Rege</span> <span class='ocrx_word' id='word_1_55' title='bbox 197 1046 296 1109; x_wconf 80' lang='lat' dir='ltr'>nov03</span> <span class='ocrx_word' id='word_1_56' title='bbox 319 1025 438 1088; x_wconf 87' lang='lat' dir='ltr'>resides</span> <span class='ocrx_word' id='word_1_57' title='bbox 461 1025 600 1089; x_wconf 88' lang='lat' dir='ltr'>Parthos</span> <span class='ocrx_word' id='word_1_58' title='bbox 623 1026 740 1112; x_wconf 88' lang='lat' dir='ltr'>ignava</span> <span class='ocrx_word' id='word_1_59' title='bbox 763 1048 896 1110; x_wconf 84' lang='lat' dir='ltr'>perosos</span> 
     </span>
     <span class='ocr_line' id='line_1_11' title="bbox 88 1113 831 1198; baseline 0.001 -21"><span class='ocrx_word' id='word_1_60' title='bbox 88 1113 162 1177; x_wconf 86' lang='lat' dir='ltr'>Otia</span> <span class='ocrx_word' id='word_1_61' title='bbox 185 1113 348 1177; x_wconf 89' lang='lat' dir='ltr'>Romanae</span> <span class='ocrx_word' id='word_1_62' title='bbox 371 1114 468 1177; x_wconf 89' lang='lat' dir='ltr'>finem</span> <span class='ocrx_word' id='word_1_63' title='bbox 490 1113 555 1177; x_wconf 91' lang='lat' dir='ltr'>iam</span> <span class='ocrx_word' id='word_1_64' title='bbox 579 1135 729 1196; x_wconf 89' lang='lat' dir='ltr'>quaerere</span> <span class='ocrx_word' id='word_1_65' title='bbox 752 1116 831 1198; x_wconf 92' lang='lat' dir='ltr'>paci.</span> 
     </span>
    </p>

    <p class='ocr_par' dir='ltr' id='par_1_7' title="bbox 85 1200 1098 1550">
     <span class='ocr_line' id='line_1_12' title="bbox 87 1200 991 1288; baseline 0.006 -24"><span class='ocrx_word' id='word_1_66' title='bbox 87 1202 191 1265; x_wconf 88' lang='lat' dir='ltr'>Rarus</span> <span class='ocrx_word' id='word_1_67' title='bbox 215 1201 300 1285; x_wconf 89' lang='lat' dir='ltr'>apud</span> <span class='ocrx_word' id='word_1_68' title='bbox 321 1200 433 1265; x_wconf 91' lang='lat' dir='ltr'>Medos</span> <span class='ocrx_word' id='word_1_69' title='bbox 456 1224 569 1288; x_wconf 90' lang='lat' dir='ltr'>regum</span> <span class='ocrx_word' id='word_1_70' title='bbox 593 1224 703 1286; x_wconf 81' lang='lat' dir='ltr'>cruor3</span> <span class='ocrx_word' id='word_1_71' title='bbox 725 1224 852 1285; x_wconf 89' lang='lat' dir='ltr'>unaque</span> <span class='ocrx_word' id='word_1_72' title='bbox 876 1208 991 1269; x_wconf 86' lang='lat' dir='ltr'>cuncto</span> 
     </span>
     <span class='ocr_line' id='line_1_13' title="bbox 86 1291 969 1375; baseline 0.002 -22"><span class='ocrx_word' id='word_1_73' title='bbox 86 1291 194 1354; x_wconf 90' lang='lat' dir='ltr'>Poena</span> <span class='ocrx_word' id='word_1_74' title='bbox 215 1293 324 1353; x_wconf 86' lang='lat' dir='ltr'>manet</span> <span class='ocrx_word' id='word_1_75' title='bbox 347 1291 470 1375; x_wconf 84' lang='lat' dir='ltr'>generi:</span> <span class='ocrx_word' id='word_1_76' title='bbox 494 1291 639 1373; x_wconf 86' lang='lat' dir='ltr'>quamvis</span> <span class='ocrx_word' id='word_1_77' title='bbox 664 1291 845 1354; x_wconf 87' lang='lat' dir='ltr'>crudelibus</span> <span class='ocrx_word' id='word_1_78' title='bbox 869 1313 969 1374; x_wconf 91' lang='lat' dir='ltr'>aeque</span> 
     </span>
     <span class='ocr_line' id='line_1_14' title="bbox 86 1377 1098 1461; baseline 0.006 -20"><span class='ocrx_word' id='word_1_79' title='bbox 86 1379 222 1442; x_wconf 90' lang='lat' dir='ltr'>Paretur</span> <span class='ocrx_word' id='word_1_80' title='bbox 244 1378 390 1442; x_wconf 89' lang='lat' dir='ltr'>dominis.</span> <span class='ocrx_word' id='word_1_81' title='bbox 437 1377 499 1442; x_wconf 82' lang='lat' dir='ltr'>Sed</span> <span class='ocrx_word' id='word_1_82' title='bbox 522 1378 599 1461; x_wconf 89' lang='lat' dir='ltr'>quid</span> <span class='ocrx_word' id='word_1_83' title='bbox 621 1400 688 1442; x_wconf 92' lang='lat' dir='ltr'>non</span> <span class='ocrx_word' id='word_1_84' title='bbox 711 1379 825 1443; x_wconf 91' lang='lat' dir='ltr'>audeat</span> <span class='ocrx_word' id='word_1_85' title='bbox 849 1401 952 1443; x_wconf 89' lang='lat' dir='ltr'>annus</span> <span class='ocrx_word' id='word_1_86' title='bbox 1047 1398 1098 1448; x_wconf 82' lang='grc'>480</span> 
     </span>
     <span class='ocr_line' id='line_1_15' title="bbox 85 1466 885 1550; baseline 0 -20"><span class='ocrx_word' id='word_1_87' title='bbox 85 1466 259 1550; x_wconf 73' lang='lat' dir='ltr'>Eutropii?</span> <span class='ocrx_word' id='word_1_88' title='bbox 282 1467 404 1530; x_wconf 89' lang='lat' dir='ltr'>socium</span> <span class='ocrx_word' id='word_1_89' title='bbox 426 1466 522 1530; x_wconf 91' lang='lat' dir='ltr'>nobis</span> <span class='ocrx_word' id='word_1_90' title='bbox 545 1467 708 1548; x_wconf 89' lang='lat' dir='ltr'>fidumque</span> <span class='ocrx_word' id='word_1_91' title='bbox 732 1467 885 1550; x_wconf 86' lang='lat' dir='ltr'>Saporem</span> 
     </span>
    </p>

    <p class='ocr_par' dir='ltr' id='par_1_8' title="bbox 84 1554 963 1818">
     <span class='ocr_line' id='line_1_16' title="bbox 85 1554 867 1640; baseline 0.001 -22"><span class='ocrx_word' id='word_1_92' title='bbox 85 1555 226 1619; x_wconf 84' lang='lat' dir='ltr'>Perculit</span> <span class='ocrx_word' id='word_1_93' title='bbox 250 1558 281 1619; x_wconf 91' lang='lat' dir='ltr'>et</span> <span class='ocrx_word' id='word_1_94' title='bbox 304 1555 420 1618; x_wconf 87' lang='lat' dir='ltr'>Persas</span> <span class='ocrx_word' id='word_1_95' title='bbox 442 1554 477 1618; x_wconf 94' lang='lat' dir='ltr'>in</span> <span class='ocrx_word' id='word_1_96' title='bbox 499 1554 588 1640; x_wconf 86' lang='lat' dir='ltr'>regia</span> <span class='ocrx_word' id='word_1_97' title='bbox 610 1555 743 1618; x_wconf 89' lang='lat' dir='ltr'>vulnera</span> <span class='ocrx_word' id='word_1_98' title='bbox 766 1555 867 1619; x_wconf 89' lang='lat' dir='ltr'>movit</span> 
     </span>
     <span class='ocr_line' id='line_1_17' title="bbox 85 1642 946 1728; baseline 0 -21"><span class='ocrx_word' id='word_1_99' title='bbox 85 1644 313 1727; x_wconf 87' lang='lat' dir='ltr'>Rupturasque</span> <span class='ocrx_word' id='word_1_100' title='bbox 336 1642 446 1728; x_wconf 85' lang='lat' dir='ltr'>fidem,</span> <span class='ocrx_word' id='word_1_101' title='bbox 469 1644 534 1706; x_wconf 86' lang='lat' dir='ltr'>leto</span> <span class='ocrx_word' id='word_1_102' title='bbox 558 1665 633 1726; x_wconf 89' lang='lat' dir='ltr'>pars</span> <span class='ocrx_word' id='word_1_103' title='bbox 655 1664 696 1706; x_wconf 93' lang='lat' dir='ltr'>ne</span> <span class='ocrx_word' id='word_1_104' title='bbox 720 1666 783 1725; x_wconf 91' lang='lat' dir='ltr'>qua</span> <span class='ocrx_word' id='word_1_105' title='bbox 806 1649 946 1727; x_wconf 89' lang='lat' dir='ltr'>vacaret,</span> 
     </span>
     <span class='ocr_line' id='line_1_18' title="bbox 84 1730 963 1818; baseline 0.001 -23"><span class='ocrx_word' id='word_1_106' title='bbox 84 1732 300 1795; x_wconf 83' lang='lat' dir='ltr'>Eumenidum</span> <span class='ocrx_word' id='word_1_107' title='bbox 322 1730 432 1794; x_wconf 86' lang='lat' dir='ltr'>taedas</span> <span class='ocrx_word' id='word_1_108' title='bbox 455 1735 545 1795; x_wconf 91' lang='lat' dir='ltr'>trans</span> <span class='ocrx_word' id='word_1_109' title='bbox 569 1730 701 1794; x_wconf 91' lang='lat' dir='ltr'>flumina</span> <span class='ocrx_word' id='word_1_110' title='bbox 725 1732 864 1817; x_wconf 83' lang='lat' dir='ltr'>Tigridis</span> <span class='ocrx_word' id='word_1_111' title='bbox 888 1732 963 1818; x_wconf 86' lang='lat' dir='ltr'>egit.</span> 
     </span>
    </p>

    <p class='ocr_par' dir='ltr' id='par_1_9' title="bbox 83 1818 1096 2260">
     <span class='ocr_line' id='line_1_19' title="bbox 151 1818 1096 1904; baseline 0.005 -22"><span class='ocrx_word' id='word_1_112' title='bbox 151 1819 234 1882; x_wconf 83' lang='lat' dir='ltr'>Tum</span> <span class='ocrx_word' id='word_1_113' title='bbox 257 1839 332 1882; x_wconf 89' lang='lat' dir='ltr'>vero</span> <span class='ocrx_word' id='word_1_114' title='bbox 356 1818 495 1883; x_wconf 89' lang='lat' dir='ltr'>cecidere</span> <span class='ocrx_word' id='word_1_115' title='bbox 518 1819 616 1883; x_wconf 87' lang='lat' dir='ltr'>animi</span> <span class='ocrx_word' id='word_1_116' title='bbox 639 1820 803 1903; x_wconf 87' lang='lat' dir='ltr'>tantisque</span> <span class='ocrx_word' id='word_1_117' title='bbox 825 1821 976 1904; x_wconf 89' lang='lat' dir='ltr'>procellis</span> <span class='ocrx_word' id='word_1_118' title='bbox 1044 1837 1096 1887; x_wconf 82' lang='grc'>400</span> 
     </span>
     <span class='ocr_line' id='line_1_20' title="bbox 84 1905 912 1991; baseline 0.001 -20"><span class='ocrx_word' id='word_1_119' title='bbox 84 1908 256 1971; x_wconf 90' lang='lat' dir='ltr'>Deficiunt.</span> <span class='ocrx_word' id='word_1_120' title='bbox 303 1905 412 1989; x_wconf 86' lang='lat' dir='ltr'>Saepti</span> <span class='ocrx_word' id='word_1_121' title='bbox 434 1907 630 1971; x_wconf 86' lang='lat' dir='ltr'>latrantibus</span> <span class='ocrx_word' id='word_1_122' title='bbox 653 1909 794 1991; x_wconf 84' lang='lat' dir='ltr'>undique</span> <span class='ocrx_word' id='word_1_123' title='bbox 817 1908 912 1972; x_wconf 91' lang='lat' dir='ltr'>bellis</span> 
     </span>
     <span class='ocr_line' id='line_1_21' title="bbox 84 1994 880 2079; baseline 0.001 -19"><span class='ocrx_word' id='word_1_124' title='bbox 84 1996 233 2060; x_wconf 84' lang='lat' dir='ltr'>lnfensos</span> <span class='ocrx_word' id='word_1_125' title='bbox 256 1994 384 2058; x_wconf 90' lang='lat' dir='ltr'>tandem</span> <span class='ocrx_word' id='word_1_126' title='bbox 408 2017 540 2079; x_wconf 88' lang='lat' dir='ltr'>superos</span> <span class='ocrx_word' id='word_1_127' title='bbox 565 2000 596 2060; x_wconf 89' lang='lat' dir='ltr'>et</span> <span class='ocrx_word' id='word_1_128' title='bbox 620 1998 761 2061; x_wconf 89' lang='lat' dir='ltr'>consulis</span> <span class='ocrx_word' id='word_1_129' title='bbox 786 2019 880 2061; x_wconf 92' lang='lat' dir='ltr'>omen</span> 
     </span>
     <span class='ocr_line' id='line_1_22' title="bbox 84 2083 887 2170; baseline 0.002 -22"><span class='ocrx_word' id='word_1_130' title='bbox 84 2085 255 2170; x_wconf 83' lang='lat' dir='ltr'>Agnovere</span> <span class='ocrx_word' id='word_1_131' title='bbox 278 2083 341 2168; x_wconf 88' lang='lat' dir='ltr'>sui,</span> <span class='ocrx_word' id='word_1_132' title='bbox 363 2105 422 2148; x_wconf 91' lang='lat' dir='ltr'>nec</span> <span class='ocrx_word' id='word_1_133' title='bbox 444 2085 509 2148; x_wconf 89' lang='lat' dir='ltr'>iam</span> <span class='ocrx_word' id='word_1_134' title='bbox 532 2086 712 2149; x_wconf 88' lang='lat' dir='ltr'>revocabile</span> <span class='ocrx_word' id='word_1_135' title='bbox 736 2086 887 2150; x_wconf 91' lang='lat' dir='ltr'>damnum</span> 
     </span>
     <span class='ocr_line' id='line_1_23' title="bbox 83 2172 831 2260; baseline 0.001 -23"><span class='ocrx_word' id='word_1_136' title='bbox 83 2174 212 2237; x_wconf 84' lang='lat' dir='ltr'>Eventu</span> <span class='ocrx_word' id='word_1_137' title='bbox 236 2172 354 2236; x_wconf 88' lang='lat' dir='ltr'>stolido</span> <span class='ocrx_word' id='word_1_138' title='bbox 378 2194 485 2237; x_wconf 89' lang='lat' dir='ltr'>serum</span> <span class='ocrx_word' id='word_1_139' title='bbox 508 2173 644 2237; x_wconf 90' lang='lat' dir='ltr'>didicere</span> <span class='ocrx_word' id='word_1_140' title='bbox 666 2175 831 2260; x_wconf 90' lang='lat' dir='ltr'>magistro.</span> 
     </span>
    </p>

    <p class='ocr_par' dir='ltr' id='par_1_10' title="bbox 82 2261 1095 2435">
     <span class='ocr_line' id='line_1_24' title="bbox 82 2261 1095 2346; baseline 0.003 -21"><span class='ocrx_word' id='word_1_141' title='bbox 82 2261 230 2343; x_wconf 88' lang='lat' dir='ltr'>Namque</span> <span class='ocrx_word' id='word_1_142' title='bbox 252 2261 360 2324; x_wconf 86' lang='lat' dir='ltr'>ferunt</span> <span class='ocrx_word' id='word_1_143' title='bbox 384 2262 529 2346; x_wconf 90' lang='lat' dir='ltr'>geminos</span> <span class='ocrx_word' id='word_1_144' title='bbox 552 2284 616 2325; x_wconf 92' lang='lat' dir='ltr'>uno</span> <span class='ocrx_word' id='word_1_145' title='bbox 641 2262 679 2325; x_wconf 90' lang='lat' dir='ltr'>de</span> <span class='ocrx_word' id='word_1_146' title='bbox 703 2263 822 2326; x_wconf 89' lang='lat' dir='ltr'>semine</span> <span class='ocrx_word' id='word_1_147' title='bbox 844 2262 961 2325; x_wconf 87' lang='lat' dir='ltr'>fratres</span> <span class='ocrx_word' id='word_1_148' title='bbox 1043 2279 1095 2328; x_wconf 78' lang='grc'>400</span> 
     </span>
     <span class='ocr_line' id='line_1_25' title="bbox 83 2349 774 2435; baseline 0.003 -24"><span class='ocrx_word' id='word_1_149' title='bbox 83 2349 299 2433; x_wconf 89' lang='lat' dir='ltr'>Iapetionidas</span> <span class='ocrx_word' id='word_1_150' title='bbox 322 2351 448 2435; x_wconf 86' lang='lat' dir='ltr'>generis</span> <span class='ocrx_word' id='word_1_151' title='bbox 472 2350 647 2433; x_wconf 91' lang='lat' dir='ltr'>primordia</span> <span class='ocrx_word' id='word_1_152' title='bbox 668 2351 774 2414; x_wconf 85' lang='lat' dir='ltr'>nostri</span> 
     </span>
    </p>

    <p class='ocr_par' dir='ltr' id='par_1_11' title="bbox 82 2436 1006 2608">
     <span class='ocr_line' id='line_1_26' title="bbox 82 2436 1006 2521; baseline -0.002 -21"><span class='ocrx_word' id='word_1_153' title='bbox 82 2437 242 2501; x_wconf 86' lang='lat' dir='ltr'>Dissimili</span> <span class='ocrx_word' id='word_1_154' title='bbox 264 2438 396 2501; x_wconf 84' lang='lat' dir='ltr'>finxisse</span> <span class='ocrx_word' id='word_1_155' title='bbox 419 2461 529 2502; x_wconf 88' lang='lat' dir='ltr'>manu:</span> <span class='ocrx_word' id='word_1_156' title='bbox 554 2459 772 2521; x_wconf 88' lang='lat' dir='ltr'>quoscumque</span> <span class='ocrx_word' id='word_1_157' title='bbox 795 2436 1006 2500; x_wconf 86' lang='lat' dir='ltr'>Prometheus</span> 
     </span>
     <span class='ocr_line' id='line_1_27' title="bbox 82 2524 895 2608; baseline -0.002 -20"><span class='ocrx_word' id='word_1_158' title='bbox 82 2526 234 2589; x_wconf 84' lang='lat' dir='ltr'>Rxcoluit</span> <span class='ocrx_word' id='word_1_159' title='bbox 257 2526 459 2608; x_wconf 87' lang='lat' dir='ltr'>multumque</span> <span class='ocrx_word' id='word_1_160' title='bbox 482 2525 628 2589; x_wconf 86' lang='lat' dir='ltr'>innexuit</span> <span class='ocrx_word' id='word_1_161' title='bbox 652 2526 781 2589; x_wconf 89' lang='lat' dir='ltr'>aethera</span> <span class='ocrx_word' id='word_1_162' title='bbox 803 2524 895 2606; x_wconf 83' lang='lat' dir='ltr'>limo,</span> 
     </span>
    </p>

    <p class='ocr_par' dir='ltr' id='par_1_12' title="bbox 81 2612 860 2699">
     <span class='ocr_line' id='line_1_28' title="bbox 81 2612 860 2699; baseline -0.003 -23"><span class='ocrx_word' id='word_1_163' title='bbox 81 2614 126 2676; x_wconf 94' lang='lat' dir='ltr'>Hi</span> <span class='ocrx_word' id='word_1_164' title='bbox 148 2614 244 2699; x_wconf 86' lang='lat' dir='ltr'>longe</span> <span class='ocrx_word' id='word_1_165' title='bbox 267 2618 402 2677; x_wconf 87' lang='lat' dir='ltr'>ventura</span> <span class='ocrx_word' id='word_1_166' title='bbox 424 2616 540 2676; x_wconf 89' lang='lat' dir='ltr'>notant</span> <span class='ocrx_word' id='word_1_167' title='bbox 564 2612 732 2696; x_wconf 89' lang='lat' dir='ltr'>dubiisque</span> <span class='ocrx_word' id='word_1_168' title='bbox 755 2612 860 2695; x_wconf 91' lang='lat' dir='ltr'>parati</span> 
     </span>
    </p>

    <p class='ocr_par' dir='ltr' id='par_1_13' title="bbox 80 2700 1093 2872">
     <span class='ocr_line' id='line_1_29' title="bbox 83 2700 1093 2784; baseline 0.002 -19"><span class='ocrx_word' id='word_1_169' title='bbox 83 2701 218 2765; x_wconf 78' lang='lat' dir='ltr'>Casibus</span> <span class='ocrx_word' id='word_1_170' title='bbox 243 2703 415 2764; x_wconf 89' lang='lat' dir='ltr'>occurrunt</span> <span class='ocrx_word' id='word_1_171' title='bbox 438 2700 531 2763; x_wconf 84' lang='lat' dir='ltr'>fabro</span> <span class='ocrx_word' id='word_1_172' title='bbox 554 2701 686 2764; x_wconf 90' lang='lat' dir='ltr'>meliore</span> <span class='ocrx_word' id='word_1_173' title='bbox 708 2700 811 2784; x_wconf 92' lang='lat' dir='ltr'>politi.</span> <span class='ocrx_word' id='word_1_174' title='bbox 1041 2717 1093 2767; x_wconf 80' lang='lat'>495</span> 
     </span>
     <span class='ocr_line' id='line_1_30' title="bbox 80 2788 858 2872; baseline -0.003 -19"><span class='ocrx_word' id='word_1_175' title='bbox 80 2790 247 2853; x_wconf 88' lang='lat' dir='ltr'>Deteriore</span> <span class='ocrx_word' id='word_1_176' title='bbox 270 2789 340 2852; x_wconf 92' lang='lat' dir='ltr'>luto</span> <span class='ocrx_word' id='word_1_177' title='bbox 364 2809 482 2871; x_wconf 88' lang='lat' dir='ltr'>pravus</span> <span class='ocrx_word' id='word_1_178' title='bbox 507 2809 588 2870; x_wconf 90' lang='lat' dir='ltr'>quos</span> <span class='ocrx_word' id='word_1_179' title='bbox 612 2788 709 2851; x_wconf 90' lang='lat' dir='ltr'>edidit</span> <span class='ocrx_word' id='word_1_180' title='bbox 733 2791 858 2872; x_wconf 88' lang='lat' dir='ltr'>auctor,</span> 
     </span>
    </p>

    <p class='ocr_par' dir='ltr' id='par_1_14' title="bbox 82 2875 956 2961">
     <span class='ocr_line' id='line_1_31' title="bbox 82 2875 956 2961; baseline -0.002 -20"><span class='ocrx_word' id='word_1_181' title='bbox 82 2877 182 2954; x_wconf 78' lang='lat' dir='ltr'>Quem</span> <span class='ocrx_word' id='word_1_182' title='bbox 205 2878 320 2940; x_wconf 88' lang='lat' dir='ltr'>merito</span> <span class='ocrx_word' id='word_1_183' title='bbox 346 2875 422 2940; x_wconf 82' lang='lat' dir='ltr'>Grai</span> <span class='ocrx_word' id='word_1_184' title='bbox 444 2875 616 2960; x_wconf 91' lang='lat' dir='ltr'>perhibent</span> <span class='ocrx_word' id='word_1_185' title='bbox 638 2875 830 2959; x_wconf 81' lang='lat' dir='ltr'>Epimethea</span> <span class='ocrx_word' id='word_1_186' title='bbox 853 2879 956 2961; x_wconf 86' lang='lat' dir='ltr'>vates,</span> 
     </span>
    </p>

    <p class='ocr_par' dir='ltr' id='par_1_15' title="bbox 81 2964 933 3050">
     <span class='ocr_line' id='line_1_32' title="bbox 81 2964 933 3050; baseline -0.002 -21"><span class='ocrx_word' id='word_1_187' title='bbox 81 2966 126 3029; x_wconf 84' lang='lat' dir='ltr'>Et</span> <span class='ocrx_word' id='word_1_188' title='bbox 148 2966 231 3029; x_wconf 90' lang='lat' dir='ltr'>nihil</span> <span class='ocrx_word' id='word_1_189' title='bbox 254 2965 388 3029; x_wconf 85' lang='lat' dir='ltr'>aetherii</span> <span class='ocrx_word' id='word_1_190' title='bbox 412 2965 530 3049; x_wconf 88' lang='lat' dir='ltr'>sparsit</span> <span class='ocrx_word' id='word_1_191' title='bbox 552 2987 610 3049; x_wconf 89' lang='lat' dir='ltr'>per</span> <span class='ocrx_word' id='word_1_192' title='bbox 632 2965 776 3029; x_wconf 86' lang='lat' dir='ltr'>membra</span> <span class='ocrx_word' id='word_1_193' title='bbox 798 2964 933 3050; x_wconf 71' lang='lat' dir='ltr'>ugone,</span> 
     </span>
    </p>

    <p class='ocr_par' dir='ltr' id='par_1_16' title="bbox 80 3053 849 3138">
     <span class='ocr_line' id='line_1_33' title="bbox 80 3053 849 3138; baseline 0 -22"><span class='ocrx_word' id='word_1_194' title='bbox 80 3054 125 3116; x_wconf 93' lang='lat' dir='ltr'>Hi</span> <span class='ocrx_word' id='word_1_195' title='bbox 148 3054 305 3136; x_wconf 91' lang='lat' dir='ltr'>pecudum</span> <span class='ocrx_word' id='word_1_196' title='bbox 328 3054 394 3118; x_wconf 91' lang='lat' dir='ltr'>ritu</span> <span class='ocrx_word' id='word_1_197' title='bbox 416 3076 483 3118; x_wconf 95' lang='lat' dir='ltr'>non</span> <span class='ocrx_word' id='word_1_198' title='bbox 504 3053 721 3138; x_wconf 87' lang='lat' dir='ltr'>impendentia</span> <span class='ocrx_word' id='word_1_199' title='bbox 744 3053 849 3117; x_wconf 86' lang='lat' dir='ltr'>vitant</span> 
     </span>
    </p>

    <p class='ocr_par' dir='ltr' id='par_1_17' title="bbox 80 3141 1092 3228">
     <span class='ocr_line' id='line_1_34' title="bbox 80 3141 1092 3228; baseline -0.001 -22"><span class='ocrx_word' id='word_1_200' title='bbox 80 3141 149 3206; x_wconf 89' lang='lat' dir='ltr'>Nec</span> <span class='ocrx_word' id='word_1_201' title='bbox 172 3165 223 3205; x_wconf 89' lang='lat' dir='ltr'>res</span> <span class='ocrx_word' id='word_1_202' title='bbox 246 3146 320 3206; x_wconf 88' lang='lat' dir='ltr'>ante</span> <span class='ocrx_word' id='word_1_203' title='bbox 342 3142 466 3228; x_wconf 77' lang='lat' dir='ltr'>vident,</span> <span class='ocrx_word' id='word_1_204' title='bbox 489 3147 619 3227; x_wconf 85' lang='lat' dir='ltr'>accepta</span> <span class='ocrx_word' id='word_1_205' title='bbox 642 3141 730 3205; x_wconf 87' lang='lat' dir='ltr'>clade</span> <span class='ocrx_word' id='word_1_206' title='bbox 755 3145 933 3225; x_wconf 79' lang='lat' dir='ltr'>querrmtur</span> <span class='ocrx_word' id='word_1_207' title='bbox 1040 3157 1092 3205; x_wconf 81' lang='grc'>000</span> 
     </span>
    </p>
   </div>
   <div class='ocr_carea' id='block_1_3' title="bbox 79 3230 917 3382">
    <p class='ocr_par' dir='ltr' id='par_1_18' title="bbox 79 3230 917 3382">
     <span class='ocr_line' id='line_1_35' title="bbox 79 3230 560 3317; baseline 0.002 -24"><span class='ocrx_word' id='word_1_208' title='bbox 79 3230 124 3294; x_wconf 81' lang='lat' dir='ltr'>Et</span> <span class='ocrx_word' id='word_1_209' title='bbox 149 3231 210 3294; x_wconf 89' lang='lat' dir='ltr'>seri</span> <span class='ocrx_word' id='word_1_210' title='bbox 233 3234 396 3294; x_wconf 87' lang='lat' dir='ltr'>transacta</span> <span class='ocrx_word' id='word_1_211' title='bbox 419 3234 560 3317; x_wconf 90' lang='lat' dir='ltr'>gemunt.</span> 
     </span>
     <span class='ocr_line' id='line_1_36' title="bbox 610 3317 917 3382; baseline -0.003 -1"><span class='ocrx_word' id='word_1_212' title='bbox 610 3317 679 3381; x_wconf 90' lang='lat' dir='ltr'>Iam</span> <span class='ocrx_word' id='word_1_213' title='bbox 702 3319 771 3382; x_wconf 85' lang='lat' dir='ltr'>sola</span> <span class='ocrx_word' id='word_1_214' title='bbox 794 3317 917 3382; x_wconf 84' lang='lat' dir='ltr'>rem&#39;det</span> 
     </span>
    </p>
   </div>
   <div class='ocr_carea' id='block_1_4' title="bbox 150 3511 882 3652">
    <p class='ocr_par' dir='ltr' id='par_1_19' title="bbox 150 3511 882 3652">
     <span class='ocr_line' id='line_1_37' title="bbox 150 3511 591 3581; baseline -0.002 -17"><span class='ocrx_word' id='word_1_215' title='bbox 150 3515 201 3564; x_wconf 82' lang='grc'>489</span> <span class='ocrx_word' id='word_1_216' title='bbox 221 3511 324 3581; x_wconf 88' lang='lat' dir='ltr'>serum]</span> <span class='ocrx_word' id='word_1_217' title='bbox 345 3511 474 3579; x_wconf 78' lang='lat' dir='ltr'>Birtiue5</span> <span class='ocrx_word' id='word_1_218' title='bbox 492 3525 591 3564; x_wconf 84' lang='lat' dir='ltr'>rerum</span> 
     </span>
     <span class='ocr_line' id='line_1_38' title="bbox 845 3597 882 3652; baseline 0 -23"><span class='ocrx_word' id='word_1_219' title='bbox 845 3597 882 3652; x_wconf 52' lang='grc'>0)*</span> 
     </span>
    </p>
   </div>
   <div class='ocr_carea' id='block_1_5' title="bbox 0 0 1200 3870">
    <p class='ocr_par' dir='ltr' id='par_1_20' title="bbox 0 0 1200 3870">
     <span class='ocr_line' id='line_1_39' title="bbox 0 0 1200 3870; baseline 0 4"><span class='ocrx_word' id='word_1_220' title='bbox 0 0 1200 3870; x_wconf 95' lang='lat' dir='ltr'> </span> 
     </span>
    </p>
   </div>
  </div>
 </body>
</html>
