2392 3870
366 142 650 199 ADNO'IATIONES
669 143 846 200 oalrlcuu.
1027 139 1120 200 XXIII

169 304 288 356 ornatus
306 305 358 372 est,
377 301 565 372 persequaris,
582 301 684 356 vitium
702 302 775 357 illud
792 303 955 359 traditionis
974 320 1113 373 agnoscas

166 390 283 428 necesse
303 376 354 428 est.
387 373 503 427 tertium
522 373 598 427 enim
620 374 696 442 quod
719 373 823 428 dicitur
846 375 1065 445 comparationis
1083 375 1115 430 in

165 443 261 499 verbis
279 445 340 499 Ille
354 451 439 514 pavet
456 447 584 513 strepitus
599 487 658 501 ....
674 452 699 500 et
717 448 789 500 teeti
807 448 928 501 miratae
940 448 1024 502 sibila
1036 448 1114 517 vulpi

165 514 291 585 positum
300 531 361 569 esse
371 516 434 583 quis
443 531 500 569 uon
509 516 662 569 concedet?
687 516 841 570 desiderari
851 533 918 586 ergo
928 519 1049 571 inversu
1060 522 1112 570 393

166 601 265 640 vocem
282 585 371 640 talem
390 586 503 654 qualem
523 585 668 641 ‘clomore’
688 586 719 640 in
737 587 887 656 propatulo
906 590 963 656 est,
986 587 1015 641 id
1036 587 1113 656 quod

166 657 334 711 confirment
351 675 377 712 v,
393 660 446 710 aet
456 674 496 724 sq.
522 657 609 710 verba
630 673 684 712 coe
706 659 821 728 desuper
843 660 939 730 tepens
961 660 1113 724 infremuit.

165 728 263 795 itaque
282 727 318 782 ad
337 727 528 783 coniecturam
547 727 681 797 delegati,
700 731 768 796 quin
785 729 878 798 Ieepio
898 728 1113 798 adsentiremnr,

168 799 262 852 lacere
280 815 338 852 non
355 799 508 867 potuimus.

81 875 145 924 ⁶25
166 871 320 940 ipsumque]
335 868 441 923 Bittius
455 868 611 939 proposuit,
625 877 798 951 uestramque
813 870 903 939 cedd,
918 870 993 938 quod
1009 870 1115 924 aniure

166 939 390 1009 repudiaverim,
417 957 492 994 nuno
510 939 619 995 dubito.
656 941 690 995 cf.
712 957 786 994 enim
805 941 889 1011 Rapt.
909 941 970 994 127
980 958 1021 1009 sq.
1044 942 1114 997 Pro·

165 1013 278 1080 sepios
294 1012 452 1081 ..possedit
469 1012 560 1066 dotale
581 1010 677 1066 Otreos.

420 1224 469 1288 De
491 1224 584 1288 Bello
609 1222 788 1291 Gildonico

106 1369 147 1419 54
168 1365 283 1436 alerent]
308 1381 345 1418 so.
364 1363 456 1432 Libya
474 1363 620 1431 Nilusque.
657 1363 765 1417 Birtius
789 1380 875 1431 quare
898 1365 997 1420 alerem
1019 1381 1054 1419 ex
1072 1365 1115 1418 P¹

167 1434 227 1489 solo
246 1434 392 1505 reciperet,
410 1451 468 1488 non
487 1433 556 1488 satis
576 1434 741 1489 declaravit.

106 1510 145 1562 57
165 1507 314 1576 Picariem]
343 1505 510 1559 Skutschius
538 1505 660 1559 contulit
683 1504 753 1559 Stat.
777 1503 864 1557 Theb.
885 1503 924 1558 Ill
944 1510 1008 1559 222:
1037 1507 1115 1575 (hoec

164 1578 257 1645 mois)
270 1579 366 1647 prime
384 1576 546 1630 Dicarcheis
564 1577 701 1631 Pbore'wm
717 1577 812 1647 praeis
830 1576 928 1630 intulit
945 1594 1058 1632 eneam.

107 1652 219 1702 59-62
238 1646 401 1716 interpunxi
420 1646 490 1700 duee
510 1645 690 1702 Mommseno.

107 1723 145 1772 69
161 1718 282 1788 praecia]
300 1719 405 1787 proedo
418 1715 463 1772 Bi.
482 1733 516 1770 ex
530 1720 560 1770 H
563 1718 594 1786 B,
614 1734 683 1785 quos
698 1719 786 1771 testes
800 1715 917 1770 minoris
931 1716 1019 1786 pretii
1033 1717 1114 1786 sequi

165 1788 254 1842 nolui.
282 1791 405 1843 ceterum
419 1789 491 1842 bene
505 1788 569 1857 ipsa
581 1789 689 1858 praeda
703 1788 807 1842 dicitur
820 1787 850 1841 id
862 1788 1021 1858 reliquisse,
1036 1789 1113 1857 quod

168 1875 204 1913 ex
221 1859 328 1927 praeda
345 1858 477 1913 relictum
496 1861 548 1915 est,

107 1935 146 1985 88
158 1947 199 1998 sq.
219 1931 296 1985 bellis
315 1973 321 1986 .
337 1972 365 1985 ..
385 1931 513 2001 apebont]
542 1931 610 1984 bello
638 1945 811 1997 quamquam
836 1929 889 1983 VP
917 1930 1113 2013 commendare

165 1999 1113 2141 {titttttttttttttitltttttttttttit

115 2182 119 2189 .
166 2141 254 2196 lectio
272 2158 329 2196 non
346 2141 402 2195 nisi
421 2141 501 2195 libris
520 2143 578 2195 HA
596 2143 739 2196 debeatur.

105 2219 143 2267 91
165 2212 327 2283 Syphacem]
347 2213 381 2267 de
400 2211 484 2265 huius
502 2212 624 2266 numinis
643 2228 774 2266 mensura
792 2211 909 2267 insolita
928 2212 963 2269 cf.
979 2229 1052 2282 quae
1067 2229 1113 2267 ex·

166 2283 264 2352 posuit
283 2283 426 2352 proximus
445 2282 538 2337 editor
555 2283 586 2336 in
603 2283 691 2352 praef.
711 2301 738 2351 p.
754 2282 844 2337 CCXI.

86 2361 145 2412 130
168 2354 263 2424 Cybele
281 2354 363 2425 sicco]
383 2353 456 2407 hunc
475 2353 623 2409 verborum
638 2353 770 2407 'ordinem
789 2354 960 2408 confidenter
981 2371 1045 2408 cum
1064 2371 1113 2424 op·

165 2423 245 2478 timis
263 2425 314 2479 VO
333 2424 455 2486 retineo;
482 2424 558 2492 quod
576 2424 653 2478 enim
671 2424 714 2479 Bi.
734 2424 764 2477 in
781 2423 953 2492 reliquorum
974 2423 1111 2480 librorum

166 2494 1113 2636 {uirtutetttttttttttmpttttttttttt

165 2637 304 2717 momenti
331 2639 386 2699 est;
420 2637 545 2718 ceterum
572 2637 745 2707 oppositioni
776 2609 966 2691 membrdrum
993 2654 1113 2693 nec-aee

84 2785 144 2836 183
165 2707 581 2860 {enelrdffllescsrizfisituitedoleot
599 2778 696 2860 codd·
713 2779 813 2833 mixtos
830 2779 953 2858 redoleat
969 2785 1113 2848 coquente

166 2866 276 2905 cruores
290 2849 472 2919 comecrtB1.‚
487 2849 563 2917 quod
577 2848 764 2917 meaqurdem
775 2850 917 2902 sententla
926 2849 1113 2902 recusandum

168 2922 220 2974 est.
254 2919 294 2973 sic
313 2919 389 2974 enim
406 2919 496 2974 totius
514 2919 571 2974 loci
596 2918 830 2989 compositionem
853 2918 1002 2988 intellego:
1028 2921 1114 2988 poeta

166 2991 320 3060 postquam
339 3007 450 3045 saevam
470 2990 669 3058 crudelitatem
687 2989 778 3043 Mauri
797 2990 867 3043 setis
887 2989 1027 3059 depinxit,
1046 2991 1113 3045 inde

166 3077 185 3114 a
204 3078 286 3115 versu
305 3067 355 3116 182
374 3061 603 3130 turpissimarum
620 3060 785 3129 libidinum,
805 3077 875 3128 quas
895 3060 978 3116 Gildo
997 3061 1113 3130 eiusque

166 3134 322 3187 sectatores
336 3132 512 3200 exercebant
527 3132 699 3186 mentionem
712 3131 792 3186 facit.
820 3130 917 3198 itaque
932 3151 957 3186 v.
969 3135 1020 3185 183
1034 3131 1112 3186 vocis

168 3202 337 3272 ‘sanguinis’
363 3203 409 3257 vel
430 3203 557 3258 ‘cruoris’
581 3202 713 3271 repetitio
736 3218 827 3271 neque
850 3201 908 3256 ullo
931 3202 1016 3257 modo
1041 3202 1113 3257 desi-

168 3275 284 3328 deratur
301 3291 392 3342 neque
407 3273 521 3328 omnino
536 3275 637 3342 optata
650 3272 774 3338 videtur3
794 3290 861 3326 nam
876 3273 906 3326 in
919 3272 1114 3342 praecedenti-

166 3344 222 3398 bus
240 3344 414 3413 amplissime
432 3345 469 3398 de
488 3343 707 3413 sanguinolenta
731 3344 852 3398 saevitia
870 3343 999 3398 Gildonis
1021 3346 1114 3398 trans·

167 3416 265 3468 actum
284 3418 335 3470 est.
367 3415 426 3470 iam
444 3431 510 3469 vero
530 3432 592 3468 cum
612 3431 683 3483 quae
707 3414 742 3468 de
760 3431 833 3469 novo
859 3430 961 3483 genere
984 3414 1113 3468 libidinis

165 3502 242 3541 nunc
266 3485 386 3541 dicenda
409 3488 487 3554 sunt,
513 3486 640 3540 versibus
655 3491 708 3540 184
716 3503 777 3554 sqq.
796 3483 931 3554 explicari
955 3485 1113 3555 adpareret,
