2392 3870
138 166 179 230 18
459 161 606 219 CLAVDII
625 160 824 217 CLAVDIANI

137 327 222 405 Quid
245 326 310 390 tale
333 325 478 389 inmanes
501 346 655 408 umquam
678 324 819 411 gessisse
842 324 992 390 fenmtur

68 467 70 471 .
135 415 199 479 Vel
222 413 309 479 Sinis
331 412 507 477 Isthmiaca
528 413 609 496 pinu
631 413 683 478 vel
705 435 784 497 rupe
807 413 969 496 profunda

138 502 253 569 Sciron
275 503 327 566 vel
349 500 498 565 Phalaris
520 505 615 567 tauro
639 502 691 566 vel
715 522 839 566 carcere
863 500 976 584 Sylla?

137 590 164 655 Ο
187 591 283 656 mites
305 589 473 654 Diomedis
495 590 582 673 equi!
615 589 776 655 Busiridis
799 611 873 654 arae

139 679 332 744 Clementesl
369 677 439 743 Iam
463 677 565 742 Cinna
587 678 675 764 pius,
697 678 763 743 iam
786 676 939 762 Spartace
963 678 1074 766 segnis
1105 696 1156 744 666

137 768 257 832 Rufino
281 767 419 832 collatus
442 767 518 831 eris!
970 843 978 853 ὁ

555 855 723 919 Deiecerat
746 877 857 920 omnes

137 943 282 1009 Occultis
306 943 388 1008 odiis
410 946 516 1007 terror
538 943 694 1026 tacitique
717 943 862 1028 sepultos

138 1032 311 1117 Suspirant
333 1031 474 1118 gemitus
497 1031 723 1118 indignarique
745 1036 904 1097 verentur.

67 1134 72 1141 '
138 1121 184 1186 At
206 1143 274 1185 non
296 1120 494 1207 magnanimi
516 1119 620 1184 virtus
644 1119 834 1185 Stilichonis
857 1120 969 1185 eodem

137 1209 255 1274 Fracta
277 1212 380 1294 metu3
405 1209 494 1273 solus
516 1208 622 1273 medio
646 1209 703 1273 sed
718 1208 855 1295 ⁸turbine
878 1231 986 1274 rerum
1105 1227 1156 1275 aco

140 1297 261 1364 Contra
283 1297 428 1362 letiferos
451 1297 552 1361 rictus
576 1300 753 1381 contraque
776 1319 924 1382 rapacem

137 1385 242 1452 Movit
265 1387 331 1450 tela
354 1385 464 1470 feram,
487 1385 629 1450 volucris
651 1407 719 1450 non
740 1391 891 1470 praepete
915 1405 1012 1450 cursu

137 1475 260 1541 Vectus
284 1474 372 1560 equi,
394 1495 461 1537 non
482 1472 635 1560 Pegaseis
658 1474 788 1539 adiutus
811 1474 954 1539 habenis.

138 1563 202 1628 Hic
226 1564 350 1628 cunctis
375 1566 486 1646 optata
509 1562 610 1648 quies,
633 1562 687 1626 hic
710 1563 780 1628 sola
802 1563 915 1647 pericli

139 1651 251 1716 Tunis
276 1654 351 1714 erat¹
369 1651 554 1734 clipeusque
576 1654 701 1715 trucem
722 1655 891 1736 porrectus
913 1651 948 1716 in
970 1651 1109 1738 hostem,

138 1738 203 1804 Hic
224 1739 373 1825 profugis
397 1739 487 1803 sedes
511 1738 708 1823 adversaque
731 1740 824 1827 signa
846 1740 960 1826 furori,
1106 1755 1154 1805 aaa

140 1825 312 1893 Servandis
335 1826 389 1890 hic
411 1831 517 1892 castra
539 1828 643 1892 bonis.

673 1915 850 2000 Hucusque
872 1915 1016 1982 minatus

139 2002 304 2068 Haerebat
327 2005 477 2087 retroque
501 2004 580 2090 fuga
603 2004 736 2069 cedebat
758 2005 868 2070 inerti:

140 2090 239 2156 Haud
261 2112 353 2155 secus
376 2090 512 2156 hiberno
535 2092 679 2157 tumidus
703 2114 776 2158 cum
798 2094 917 2159 vertice
939 2097 1069 2158 torrens

141 2178 226 2245 Saxa
248 2182 336 2244 rotat
358 2180 524 2264 volvitque
547 2203 660 2246 nemus
682 2186 863 2266 pontesque
885 2180 1022 2267 revellit,
1105 2197 1154 2245 666

140 2266 317 2355 Frangitur
340 2268 469 2344 obiectu
491 2269 616 2354 scopuli
639 2292 859 2354 quaerensque
881 2273 1025 2335 meatum

53 2366 56 2370 ’
142 2355 278 2441 Spumat
302 2361 334 2421 et
357 2357 454 2422 inlisa
476 2362 620 2423 montem
643 2357 857 2425 circumtonat
880 2358 974 2424 unda.

208 2445 279 2523 Qua
302 2445 435 2533 dignum
457 2450 491 2511 te
513 2447 608 2511 laude
630 2448 746 2534 feram,
769 2447 825 2532 qui
846 2467 947 2534 paene
969 2447 1080 2512 ruenti

104 2582 108 2589 .
140 2534 350 2618 Lapsuroque
374 2538 449 2598 tuos
472 2557 601 2599 umeros
625 2534 781 2600 obieceris
804 2534 898 2600 orbi?

141 2621 187 2685 Te
209 2622 304 2686 nobis
328 2622 471 2706 trepidae
495 2623 584 2687 sidus
607 2645 666 2687 ceu
689 2623 781 2688 dulce
804 2623 929 2689 carinae
1107 2638 1155 2688 2⁷5

142 2708 318 2775 Ostendere
342 2710 405 2794 dei,
428 2711 564 2796 geminis
588 2733 670 2795 quae
693 2712 779 2777 lassa
801 2710 953 2796 procellis

142 2797 302 2862 Tunditur
325 2801 357 2861 66
380 2797 466 2864 victo
489 2799 631 2865 trahitur
653 2799 719 2865 iam
742 2822 835 2866 caeca
857 2800 1025 2887 magistro.

141 2884 293 2950 Inachius
315 2885 429 2950 Rubro
452 2888 641 2971 perhibetur
662 2889 698 2953 in
720 2910 859 2973 aequore
880 2886 1019 2954 Perseus

141 2972 287 3058 Neptuni
311 2974 472 3039 domuisse
494 2998 606 3063 pecus,
630 2977 686 3041 sed
708 2978 811 3042 tutior
833 2978 908 3043 alis:

137 3062 188 3126 ‘Te
209 3083 278 3126 non
298 3084 404 3146 penna
425 3063 527 3150 vehit3
550 3064 655 3151 rigida
679 3088 751 3130 cum
775 3064 927 3154 Gorgone
949 3063 1103 3132 Perseus:

142 3149 192 3214 Tu
214 3172 281 3214 non
303 3151 431 3234 vipereo
455 3152 604 3217 defensus
628 3153 715 3219 crine
737 3153 903 3241 Medusae;
1106 3168 1153 3219 661

142 3236 240 3303 Illum
263 3238 337 3302 vilis
361 3262 452 3303 amor
475 3263 648 3325 suspensae
671 3243 807 3330 virginis
831 3242 911 3331 egit:

143 3325 188 3390 Te
210 3326 357 3391 Romana
381 3328 477 3393 salus.
522 3328 640 3396 Taceat
663 3335 814 3416 superata
836 3335 992 3418 vetustas,

142 3413 320 3480 Herculeos
344 3417 488 3481 conferre
511 3418 577 3482 tuis
599 3420 665 3485 iam
688 3419 813 3486 desinat
836 3425 937 3487 actus.

142 3499 217 3570 Vna
240 3503 434 3570 Cleonaeum
456 3507 609 3590 pascebat
633 3508 715 3574 silva
737 3510 877 3599 leonem3
1017 3576 1020 3581 ,
1107 3519 1153 3572 aaa
