2392 3870
176 150 263 220 11111.)
280 150 329 203 on
348 148 465 224 annno
485 147 680 204 cnoourco
699 146 807 202 urana
825 146 970 202 rarnvs.
1038 146 1083 212 49

68 312 118 376 Te
138 312 279 375 bellante
301 310 406 375 mori?
441 310 599 375 Decernet
621 308 787 373 Honorius
809 307 892 393 inde,

68 399 155 463 Hinc
179 398 296 464 Gildo?
331 398 427 462 Prius
450 402 537 461 astra
561 396 667 462 Ohaos
689 396 838 460 miscebit
860 393 998 460 Averno.

69 488 255 552 Vindictam
277 486 445 550 mandasse
468 490 518 550 sat
541 489 604 570 est3
626 485 701 568 plus
722 484 865 549 nominis
886 484 1002 548 horror

71 575 175 651 Quam
196 579 274 640 tuus
296 575 382 639 ensis
404 577 488 660 aget.
534 573 654 637 Minuit
674 572 856 656 praesentia
878 571 1006 647 famam.
1028 589 1081 639 385

70 662 132 739 Qui
156 663 246 727 stetit
269 667 426 746 aequatur
447 683 570 746 campo,
593 660 774 744 collataque
796 660 898 725 nescit

68 752 271 816 Maiestatem
293 751 385 815 acies.
431 749 495 815 Sed
518 749 605 833 quod
626 750 730 835 magis
751 749 832 813 utile
855 748 944 812 factu

68 838 177 923 Atque
199 839 288 903 hosti
310 839 441 925 gravius
463 836 593 925 (sensus
615 835 758 924 adverte)
781 837 911 901 docebo.

68 928 131 993 Est
153 928 203 991 illi
225 927 382 1012 patribus,
405 926 550 990 sednon
572 929 604 990 et
626 926 772 990 moribus
794 925 896 989 isdem

69 1016 234 1101 Mascezel,
256 1015 384 1101 lugiens
408 1016 464 1098 qui
487 1015 556 1078 dira
577 1014 705 1097 piaeulu
727 1013 838 1077 fratris
1027 1030 1081 1079 390

69 1104 213 1187 Spesque
237 1125 311 1167 suas
334 1104 497 1186 vitamque
519 1106 578 1166 tuo
600 1103 761 1173 commisit
784 1101 884 1184 asylo.

69 1192 164 1255 Hunc
186 1192 244 1255 ubi
266 1192 433 1275 temptatis
455 1191 577 1255 frustra
599 1194 739 1257 mactare
761 1189 906 1272 nequivit

68 1278 208 1364 insidiis,
230 1280 352 1362 patrias
375 1280 410 1343 in
431 1279 568 1365 pignora
591 1279 729 1342 contulit
751 1278 816 1341 iras

69 1367 123 1452 Et,
147 1389 228 1449 quos
250 1367 319 1449 ipse
343 1368 416 1430 sinu
437 1388 554 1450 parvos
576 1369 768 1452 gestaverat,
790 1387 855 1429 una

70 1455 195 1518 Occidit
216 1455 346 1519 iuvenes
368 1455 598 1538 inhumataque
620 1476 755 1537 corpora
777 1453 876 1540 vulgo
1028 1470 1080 1520 395

69 1543 214 1625 Dispulit
237 1547 269 1606 et
291 1543 418 1607 tumulo
442 1547 596 1629 cognatas
619 1543 722 1606 arcuit
745 1541 876 1606 umbras

68 1631 291 1714 Naturamque
314 1631 411 1713 simul
433 1631 629 1714 fratremque
651 1631 877 1712 hominemque
900 1634 1051 1696 amiantus

69 1718 171 1782 Exuit
194 1723 226 1782 et
248 1722 378 1783 tenuem
401 1720 501 1785 caesis
522 1718 639 1784 invidit
660 1719 821 1783 harenam.

69 1807 142 1869 Hoc
164 1807 289 1870 facinus
312 1807 425 1893 refugo
449 1808 612 1872 damnavit
635 1808 703 1871 sole
725 1807 877 1891 Mycenas

69 1893 261 1977 Avertitque
285 1895 380 1980 diem3
403 1895 515 1959 sceleri
538 1895 594 1959 sed
615 1895 753 1959 reddidit
775 1893 894 1959 Atreus
1028 1912 1081 1961 400

71 1983 200 2046 Crimen
222 1986 254 2046 et
276 1983 423 2047 infandas
447 1987 578 2047 excusat
601 1985 736 2070 coniuge
758 2005 894 2048 mensas.

70 2070 133 2134 Hic
157 2071 274 2155 odium,
296 2092 363 2135 non
384 2092 488 2155 poena
510 2072 581 2136 fuit.
627 2072 671 2136 Te
694 2073 819 2156 perdita
841 2073 921 2156 iura,

70 2158 115 2221 Te
138 2163 229 2241 pater
252 2160 399 2244 ultorem,
421 2163 454 2224 te
476 2161 555 2224 nudi
577 2161 709 2244 pulvere
730 2182 850 2244 manea,

70 2246 115 2310 Te
137 2247 241 2329 pietas
264 2247 390 2330 polluta
413 2252 521 2334 roget3
544 2247 572 2312 si
594 2249 747 2314 flentibus
770 2271 859 2313 aram

69 2333 115 2398 Et
137 2335 304 2417 proprium
325 2336 452 2400 miseris
474 2358 595 2401 numen
617 2336 778 2401 statuistis
800 2335 956 2419 Athenas,
1028 2351 1081 2400 405

70 2421 106 2486 Si
128 2421 322 2487 Pandionias
344 2424 477 2506 planctu
499 2427 625 2488 traxere
647 2424 824 2510 phalangas

70 2508 238 2574 Inachides
261 2511 411 2593 belloque
433 2532 532 2597 rogos
554 2534 697 2576 memore
719 2511 844 2576 maritis

71 2597 106 2661 Si
129 2602 252 2662 maesto
276 2599 425 2680 squalere
448 2621 557 2663 comae
578 2600 783 2682 lacrimisque
806 2601 953 2662 senatum

70 2683 110 2749 In
131 2685 290 2751 Numidas
312 2686 426 2768 pulsus
450 2686 532 2750 solie
555 2689 729 2752 commovit
751 2686 928 2751 Adherbal:

71 2773 167 2838 Hunc
190 2795 318 2856 quoque
340 2795 426 2837 nunc
449 2773 554 2858 Gildo,
577 2778 669 2839 tanto
692 2797 788 2859 quem
810 2776 921 2839 funere
943 2774 1065 2860 mersit,

71 2862 167 2926 Hunc
190 2862 297 2925 doleat
319 2862 445 2926 venisse
467 2862 580 2927 ducem
603 2885 735 2947 seseque
757 2864 914 2928 minorem
1029 2880 1081 2931 411

72 2948 279 3033 Supplicibus
303 2951 383 3014 sciat
404 2973 475 3015 esse
497 2952 572 3015 tuis.
618 2951 720 3027 Quem
743 2953 816 3016 sede
838 2951 974 3038 agaris

72 3037 168 3101 Hunc
189 3060 341 3121 praeceps
364 3040 478 3125 fugiat,
501 3040 598 3126 fregit
622 3062 718 3122 quem
740 3041 838 3126 clade,
860 3041 1024 3106 tremiscat

73 3125 303 3211 Agnoscatque
326 3150 429 3214 suum,
451 3127 593 3193 trahitur
615 3129 691 3193 dum
713 3130 853 3214 victima,
875 3127 1028 3193 fratrem?

138 3214 228 3277 Haec
249 3215 306 3278 ubi
330 3215 480 3280 sederimt
502 3239 629 3303 genero,
651 3218 822 3289 notissima
843 3216 942 3282 Marti
1029 3231 1086 3281 415

72 3301 212 3388 Robora,
234 3305 423 3388 praecipuos
446 3305 547 3369 electa
568 3305 654 3388 pube
676 3307 837 3391 maniplos

72 3389 225 3472 Disponit
247 3395 408 3476 partuque
430 3396 516 3456 rates
538 3393 698 3458 instaurat
720 3395 869 3460 Etrusco.

72 3476 265 3542 Herculeam
288 3501 365 3545 suus
387 3479 517 3545 Alcides
540 3479 726 3566 Ioviamque
748 3483 916 3548 cohortem

127 3591 267 3634 Gnrvnrsru
281 3593 348 3647 Ora,
363 3596 397 3636 ed.
410 3595 498 3638 Koch
865 3592 887 3640 A
