2392 3870
100 162 220 233 (XXIV.)
238 160 287 214 DE
307 159 455 216 CONSVL.
476 158 701 214 STILIOHONIS
719 158 828 212 LIBER
846 159 1010 216 TERTIVS.
1049 161 1114 226 167

100 325 259 406 Prospera
281 343 348 386 non
370 321 464 385 fessis
489 324 643 405 optantur
665 320 796 384 flamina
817 322 940 408 nautis,

100 412 145 475 Vt
169 416 246 474 tuus
270 410 440 494 adspectus
463 410 593 493 populo.
631 408 719 485 Quae
740 410 871 473 numine
895 413 988 475 tanto

99 500 211 563 Litora
234 498 382 562 fatidicas
405 498 561 562 attollunt
584 497 677 561 Delia
699 497 824 582 laurus,
1165 555 1172 566 ,

98 588 238 651 Venturi
261 587 410 670 quotiens
433 585 567 650 adfulsit
589 584 752 669 Apollinis
775 587 891 651 arcus?
1079 606 1116 656 oo

101 674 189 752 Quae
212 676 258 739 sie
281 675 420 739 aurifero
443 674 569 739 Pactoli
592 674 682 738 fonte
704 675 856 739 tumescit

99 764 214 849 Lydia,
237 786 310 828 cum
334 763 465 827 domitis
488 762 636 847 adpamit
659 762 786 826 Euhius
809 761 920 827 Indis?

98 852 216 917 Nonne
238 852 327 916 vides
350 855 383 916 et
405 851 499 935 plebe
522 852 591 916 vias
614 854 647 915 et
669 853 755 915 tecta
777 851 877 916 latere

99 940 282 1005 Matribus?
318 940 393 1025 Ηίε,
417 939 568 1026 Stilicho,
592 940 715 1004 cunctis
737 940 870 1023 inopina
892 941 1010 1006 reluxIt

99 1028 144 1093 Te
167 1030 289 1093 victore
313 1029 413 1092 salus!
451 1027 581 1112 Septem
604 1028 811 1112 circumspice
834 1033 974 1115 montes,
1079 1047 1113 1097 65

100 1116 162 1193 Qui
185 1118 264 1181 solis
287 1117 395 1181 radios
418 1117 488 1181 auri
511 1117 638 1203 fulgore
661 1115 837 1202 lacessunt,

98 1203 297 1288 indutosque
321 1227 414 1269 arcus
437 1205 550 1288 spoliis
572 1208 772 1288 aequataque
795 1205 916 1288 templa

98 1293 251 1358 Nubibus
274 1297 307 1358 et
330 1293 487 1376 quidquid
508 1294 592 1358 tanti
616 1297 760 1358 stmxere
783 1292 947 1376 triumphi.

101 1381 264 1457 Quantum
286 1382 461 1466 profueris,
484 1385 638 1464 quantam
661 1381 838 1446 servaveris
860 1381 986 1467 urbem,

99 1468 260 1533 Attonitis
282 1470 396 1534 metire
420 1471 530 1535 oculis.
566 1470 656 1534 Haec
678 1470 789 1533 fabula
813 1473 897 1534 certe
1080 1487 1115 1539 το

101 1557 224 1622 Cuncta
247 1558 367 1645 forent,
391 1559 419 1622 si
441 1558 569 1624 Poenus
593 1558 697 1622 adhuc
719 1558 919 1622 incumberet
941 1557 1072 1623 Austro.

165 1646 239 1711 Mos
261 1651 331 1711 erat
352 1648 388 1711 in
410 1650 555 1711 veterum
578 1647 706 1732 castris,
728 1651 766 1710 ut
788 1651 934 1730 tempora
958 1669 1078 1730 quercu

98 1734 244 1821 Velaret,
266 1735 381 1800 validis
405 1735 478 1799 fuso
503 1735 559 1818 qui
581 1735 704 1800 viribus
727 1735 821 1800 hoste

101 1821 258 1887 Casurum
280 1824 389 1906 potuit
411 1824 509 1887 morti
533 1823 708 1888 subducere
732 1825 840 1888 civem.

99 1910 145 1975 At
168 1911 230 1974 tibi
255 1933 335 1993 quae
357 1911 478 1994 poterit
500 1933 560 1995 pro
583 1913 685 1976 tantis
709 1913 808 1977 civica
828 1911 917 1977 reddi
1079 1931 1113 1980 75

100 1998 295 2063 Moenibus?
319 2003 375 2063 aut
398 2002 537 2082 quantae
559 2001 742 2084 pensabunt
765 2002 851 2066 facta
874 2003 1033 2067 coronae?

99 2087 168 2152 Nec
192 2087 294 2151 solam
316 2088 430 2170 populi
452 2088 553 2152 vitam
576 2088 689 2153 debere
712 2090 833 2154 fatetur

99 2175 209 2239 Armis
231 2174 336 2239 Roma
358 2176 437 2261 tuis3
461 2176 529 2262 sed,
553 2198 616 2260 quo
640 2177 809 2242 iucundior
832 2183 916 2243 esset

98 2264 195 2328 Lucis
218 2264 395 2329 honoratae
417 2265 555 2352 fructus,
577 2266 759 2331 venerabile
782 2267 886 2331 famae

98 2351 229 2416 Pondus
253 2357 285 2417 11
308 2354 442 2417 amissas
465 2355 549 2418 vires
573 2358 605 2419 11
628 2376 727 2440 regna
750 2355 878 2438 recepit.
1078 2372 1113 2422 80

98 2439 168 2505 Iam
190 2463 258 2505 non
279 2443 472 2526 praetumidi
496 2442 632 2526 supplex
656 2441 797 2505 Orientis
820 2441 1002 2525 ademptam

98 2530 230 2615 Legatis
253 2531 358 2612 poscit
380 2530 518 2613 Libyam
540 2530 719 2593 famulosve
742 2533 892 2612 precatur

99 2616 213 2704 (Dictu
235 2615 344 2702 turpe)
368 2639 457 2681 suos:
482 2616 537 2680 sed
560 2617 676 2681 robore
699 2616 782 2679 freta
806 2614 932 2680 Gabino

98 2706 144 2769 Te
168 2706 246 2767 duce
269 2704 416 2767 Romana
437 2704 567 2767 tandem
591 2726 624 2767 se
647 2704 789 2768 vindicat
811 2704 867 2768 ira.

97 2792 174 2876 Ipsa
196 2791 287 2855 iubet
310 2791 412 2877 signis
435 2791 659 2875 bellaturoque
682 2796 814 2878 togatus
1077 2811 1112 2860 85

98 2880 241 2965 Imperat
264 2883 297 2944 et
321 2882 467 2963 spectant
490 2880 617 2963 aquilae
641 2879 767 2944 decreta
790 2884 929 2947 senatus.

98 2968 174 3053 Ipsa
197 2969 259 3033 tibi
281 2968 409 3032 trabeas
432 2968 519 3032 ultro
543 2968 643 3054 dedit,
665 2969 737 3053 ipsa
760 2969 903 3033 curulem

100 3057 228 3122 Obtulit
250 3057 351 3121 ultori
373 3057 540 3140 fastosque
563 3078 676 3121 ornare
700 3057 814 3144 coegit.

165 3146 224 3211 Nil
245 3145 351 3229 perdit
375 3146 498 3210 decoris
520 3146 619 3229 prisci
641 3167 700 3210 nec
722 3145 825 3210 libera
848 3147 974 3229 quaerit

100 3234 247 3319 Saecula,
272 3255 344 3298 cum
367 3234 464 3299 donet
487 3234 603 3319 fasces,
627 3256 699 3298 cum
721 3234 845 3317 proelia
866 3235 1009 3321 mandet3
1077 3253 1111 3302 oo

99 3322 204 3405 Seque
227 3323 325 3387 etiam
348 3324 484 3388 crevisse
507 3322 602 3387 videt.
640 3321 719 3398 Quis
744 3321 978 3407 Gallicarum,

100 3409 179 3487 Quis
201 3411 347 3475 meminit
369 3411 464 3476 Latio
488 3411 652 3476 Senonum
675 3411 810 3475 servisse
833 3411 981 3498 ligones?

98 3497 167 3562 Aut
191 3500 309 3583 quibus
332 3500 487 3585 exemplis
509 3499 645 3565 fecunda
667 3498 808 3583 ffiybris
831 3500 871 3563 ab
894 3499 996 3564 Arcto
