2392 3870
59 169 122 238 rx.)
141 166 425 223 nerrnlmnrvu
443 167 491 221 nn
505 166 651 222 urruns
670 166 826 224 nonoan
840 168 1004 226 Avcvsrr.
1032 171 1076 236 95

58 330 105 395 nt
128 329 252 414 platani
274 329 416 413 platanis
440 329 578 412 alnoque
602 329 753 394 adsibilat
777 330 878 394 alnus.

127 418 297 482 Labuntur
319 417 441 504 gemini
464 419 584 502 fontes,
607 418 661 482 hic
684 417 799 502 dulcis,
823 441 950 483 amarus

58 507 166 591 Alter,
190 512 222 570 et
245 506 363 570 infusis
388 511 597 590 corrumpunt
620 507 717 570 mella
738 507 880 592 venenis
1040 527 1076 576 το

58 594 153 660 Vnde
177 594 371 678 Cupidineas
395 595 512 658 armari
535 595 622 658 fama
645 596 792 680 sagittae.

58 682 151 748 Mille
173 683 352 767 pharetrati
374 682 491 747 ludunt
514 682 549 746 in
571 683 716 768 margine
739 683 871 767 fratres,

62 770 125 836 Ore
148 793 256 857 pares,
279 793 357 836 aevo
382 771 518 856 similae,
541 793 620 857 gens
643 770 753 834 mollis
775 770 941 836 Amorum.

58 859 130 925 Hos
152 859 324 944 Nymphae
346 860 491 944 pariunt,
513 859 606 923 illum
629 859 740 923 Venus
763 881 859 924 aurea
883 860 988 926 solum

58 948 181 1012 Edidit.
226 947 286 1012 Ille
309 948 385 1012 deos
410 949 597 1030 caelumque
620 951 652 1011 et
676 947 779 1011 sidera
803 969 902 1011 cornu
1040 966 1073 1016 75

60 1037 231 1121 Temperat
254 1040 286 1100 et
310 1058 453 1100 summos
477 1036 629 1122 dignatur
652 1036 751 1122 figere
774 1057 879 1121 reges3

58 1124 105 1188 Hi
127 1125 255 1208 plebem
278 1125 407 1190 feriunt.
452 1123 522 1189 Nec
545 1129 650 1188 cetera
672 1123 805 1188 numina
828 1124 956 1189 desunt:

58 1212 123 1276 Hic
146 1213 274 1277 habitat
297 1213 388 1278 nullo
413 1212 588 1277 constricta
611 1212 758 1276 Licentia
780 1212 865 1275 nodo

58 1301 103 1366 Et
126 1301 213 1366 flecti
236 1301 348 1366 faciles
371 1299 443 1365 Irae
465 1301 606 1383 vinoque
629 1300 794 1365 madentes

57 1389 223 1454 Excubiae
246 1390 475 1472 Lacrimaeque
497 1389 592 1453 rudes
616 1395 648 1452 et
670 1392 783 1474 gratus
806 1391 971 1452 amantum
1039 1405 1073 1454 80

58 1477 170 1542 Pallor
193 1482 224 1542 et
248 1478 283 1542 in
304 1477 420 1562 primis
442 1477 590 1542 titubans
612 1477 758 1541 Audacia
780 1475 878 1539 furtis

53 1564 255 1650 iucundique
278 1565 386 1631 Metus
409 1571 442 1631 et
464 1588 531 1630 non
554 1588 665 1630 secura
688 1565 862 1648 Voluptas3

57 1653 103 1718 Et
125 1655 246 1719 lasciva
269 1655 380 1719 volant
403 1654 529 1720 levibus
551 1654 698 1719 Periuria
720 1653 835 1717 ventis.

59 1742 147 1819 Quos
172 1744 256 1807 inter
277 1742 428 1827 petulans
452 1743 518 1807 alta
542 1743 663 1807 cervice
685 1741 837 1807 Iuventas

56 1831 212 1895 Excludit
236 1831 368 1895 Senium
390 1830 472 1896 luco.
1034 1846 1068 1897 85

526 1919 645 1985 Procul
667 1919 751 1985 atria
775 1919 865 1982 divae

57 2007 248 2070 Permutant
270 2007 378 2071 radios
402 2008 547 2092 silvaque
571 2010 720 2072 obstante
744 2008 915 2072 virescunt.

54 2094 210 2159 Lemnius
233 2096 312 2160 haec
335 2096 432 2160 etiam
455 2097 592 2184 gemmis
615 2096 758 2162 extruxit
781 2101 814 2161 et
837 2117 915 2159 auro

56 2183 248 2248 Admiscens
271 2190 372 2249 artem
394 2186 501 2270 pretio
524 2185 736 2270 trabibusque
760 2183 921 2269 smaragdi

57 2271 235 2356 Supposuit
259 2296 367 2338 caesas
390 2274 560 2358 hyacinthi
582 2298 661 2359 rupe
685 2274 858 2338 columnas.

55 2359 187 2443 Beryllo
210 2363 316 2445 paries
340 2367 372 2427 et
396 2362 518 2447 iaspide
541 2362 666 2427 lubrica
689 2365 827 2448 surgunt
1035 2377 1069 2427 eo

54 2448 184 2512 Limina
210 2450 441 2535 despectusque
464 2452 535 2515 solo
559 2452 700 2515 calcatur
723 2450 861 2514 achates.

56 2535 96 2600 ln
118 2538 224 2602 medio
247 2539 373 2624 glaebis
397 2538 617 2603 redolentibus
640 2560 714 2602 area
737 2537 826 2601 dives

56 2625 194 2690 Praebet
218 2627 369 2690 odoratas
392 2648 526 2711 messes3
548 2627 603 2690 hic
625 2626 716 2691 mitis
739 2622 871 2707 amomi,

56 2712 120 2778 Hic
144 2714 248 2778 casiae
271 2718 399 2777 matura
422 2736 528 2799 seges,
551 2714 782 2795 Panchaeaque
805 2715 937 2796 turgent

59 2800 228 2887 Cinnama,
252 2824 312 2866 nec
336 2802 421 2866 sicco
444 2802 652 2866 frondescunt
675 2801 797 2865 vimina
820 2803 910 2864 costo
1036 2817 1069 2866 eo

56 2889 224 2974 Tardaque
248 2890 378 2954 sudanti
400 2894 576 2975 prorepunt
599 2889 744 2954 balsama
767 2889 845 2953 rive.

123 2978 193 3055 Quo
217 2984 390 3064 postquam
414 2979 563 3064 delapsus
585 2978 687 3042 Amor
709 2978 887 3064 longasque
909 2978 1035 3064 peregit

55 3066 167 3131 Panna
189 3069 273 3152 vias,
297 3069 402 3133 alacer
423 3090 585 3153 passuque
609 3067 778 3151 superbior
800 3066 909 3130 intrat.

56 3154 238 3220 Caesariem
261 3162 339 3220 tunc
361 3158 445 3221 forte
467 3157 578 3221 Venus
603 3155 741 3219 subnixa
764 3176 896 3219 corusco

53 3243 215 3330 Fingebat
239 3244 330 3309 solio.
376 3245 499 3310 Dextra
521 3246 674 3327 laevaque
698 3265 825 3308 sorores
1019 3258 1069 3307 100
1181 3299 1184 3303 Α

56 3331 194 3397 Stabant
216 3332 350 3397 Idaliae:
374 3334 484 3420 largos
507 3334 586 3397 haec
607 3332 748 3396 nectaris
771 3331 891 3396 imbres

53 3419 194 3506 Inrigat‚
217 3421 295 3485 haec
318 3444 429 3487 morsu
450 3420 615 3486 numerosi
639 3421 744 3484 dentis
768 3421 890 3484 eburno
1023 3423 1026 3428 '

52 3509 253 3573 Multifidum
276 3509 448 3575 discrimen
471 3514 554 3596 arat3
578 3509 633 3573 sed
656 3508 752 3573 tertia
775 3512 862 3573 retro
